2060 3392
638 332 782 370 LIBER
824 333 1078 371 SEPTIMUS.
1487 338 1563 374 165

146 411 264 468 diun
286 419 573 487 adimplerit‚
606 422 718 469 satis·
746 432 965 472 constare
996 423 1254 488 unicuique
1277 433 1448 488 potest,
1482 427 1563 489 qui

144 506 398 547 tractatum
428 497 618 557 soede‘ris
643 499 767 546 inter
791 515 842 546 se
870 509 917 554 et
944 500 1168 547 eumdem
1191 501 1564 550 Maximilianum

143 574 320 639 leget-<3¹
341 575 593 636 curaverit,
628 592 714 642 per
739 592 884 642 quem
920 594 1136 643 expresse
1162 577 1358 626 eosdem
1387 580 1566 644 TraJec-

145 661 300 702 tenses
319 653 549 716 excludit,
575 664 716 719 atque
742 653 968 702 adversus
990 672 1074 704 eos
1096 666 1145 703 et
1173 656 1347 704 ducem
1379 658 1565 706 Cliven-

136 732 584 788 ,somllaximiliano
607 732 926 797 praestiturum
944 726 1118 781 auxilia
1142 744 1192 782 s'e
1212 735 1461 800 promittit.

173 813 182 822 ‘
206 809 337 860 num
360 803 473 858 vero
506 809 636 858 idem
657 810 1006 858 Maximilianus
1029 811 1188 858 adhuc
1209 822 1362 860 castra
1385 822 1567 861 teneret

141 894 252 934 ante
275 885 456 935 dictam
485 888 833 952 Trajectensem
860 889 1118 950 civitatem,
1152 906 1374 954 eamque,
1400 891 1470 938 uti
1494 908 1566 938 re-

141 961 360 1023 tulimus,
406 964 661 1013 obsidione
703 967 1070 1029 constringeret,
1112 967 1311 1030 contigit
1342 968 1565 1016 eumdem

140 1040 456 1106 Ludovicum,
474 1046 769 1092 Francorum
790 1053 905 1091 tunc
927 1061 1104 1108 regem,
1119 1045 1212 1092 hac
1228 1045 1437 1092 instabili
1457 1046 1564 1093 luce

139 1117 342 1169 deficere
363 1120 442 1169 die
463 1138 579 1169 xxxx
601 1123 778 1171 mensis
796 1123 1020 1186 augusti’,
1046 1139 1176 1170 anno
1197 1123 1392 1188 praefato
1414 1124 1566 1171 domi-

139 1198 259 1246 nioee
286 1199 632 1248 incarnationis
661 1202 1035 1248 mccccnxxxm‘.
1074 1201 1386 1266 Qui.praesuit
1417 1199 1566 1266 regno

139 1281 294 1327 annos
314 1278 481 1341 viginti
500 1277 642 1339 duos,
675 1294 890 1326 mensem
907 1295 1078 1340 unum,
1104 1278 1206 1326 dies
1224 1279 1410 1326 circiter
1431 1290 1560 1342 octe,

138 1368 169 1400 a
187 1352 266 1401 die
290 1352 451 1402 obitus
465 1356 612 1420 patris
629 1356 703 1402 sui
724 1355 871 1404 felicis
891 1355 1252 1403 recordationis.
1270 1356 1415 1420 Cujus
1434 1373 1564 1404 mors

88 1440 96 1448 “
139 1440 187 1477 et
216 1432 439 1480 transitus
466 1433 638 1498 procul
664 1432 818 1480 dubio
848 1433 1091 1494 omnibus,
1117 1449 1217 1480 non
1249 1433 1398 1480 mod-o
1430 1435 1562 1497 regni

139 1507 331 1569 accolis,
350 1525 472 1573 quos
488 1510 741 1558 durissima
761 1511 984 1558 servitute
1001 1521 1049 1558 et
1070 1511 1271 1559 immani
1287 1511 1463 1575 jugiter
1479 1527 1564 1577 op-

138 1596 368 1649 presserat
390 1588 660 1651 tyrannide,
695 1589 899 1652 ingentis
938 1589 1096 1652 gaudii
1128 1589 1376 1637 materiam
1398 1589 1530 1636 dedit
1546 1627 1559 1650 ,

139 1662 223 1710 sed
245 1674 294 1712 et
313 1665 539 1713 omnibus
568 1666 779 1714 finitimis
814 1667 1091 1715 nationibus
1112 1668 1179 1733 ad
1210 1684 1328 1732 quas
1356 1684 1450 1715 suae
1474 1667 1562 1714 im-

140 1739 388 1804 probitatis
403 1759 460 1791 ac
480 1744 746 1807 tyrannidis
765 1743 893 1792 fama
915 1755 1197 1810 pervenerat
1217 1763 1227 1790 :
1257 1761 1361 1808 quae
1387 1744 1560 1791 nimio⁸

141 1816 371 1878 percussae
393 1827 541 1879 metu,
569 1828 753 1865 tantum
778 1818 890 1866 inde
910 1819 1078 1866 laetitiae
1095 1829 1142 1866 et
1163 1819 1416 1866 alacritatis
1440 1818 1563 1865 acci-

140 1891 336 1957 piebant
357 1903 406 1942 et
426 1894 492 1942 de'
513 1895 615 1958 ejus
636 1905 790 1943 morte
816 1896 1212 1957 consolationem,
1238 1906 1472 1960 quantum
1494 1896 1562 1943 eis

139 1970 287 2035 ipsius
313 1972 410 2021 vita
434 1972 657 2035 injecerat
684 1974 946 2034 anxietatis,
984 1974 1184 2039 periculi
1218 1985 1361 2036 atque
1386 1973 1561 2021 sollici-

140 2047 333 2096 tudinis.

626 2213 796 2258 CAPIT
800 2214 970 2260 ULUM
1002 2215 1081 2259 lx.

190 2329 247 2381 De·
257 2329 463 2366 habitudine
481 2343 639 2378 ρει-ὀυκ
654 2331 813 2380 ejusdem
830 2332 1003 2371 Ludovici
1019 2341 1053 2367 et
1070 2331 1115 2368 de
1130 2333 1234 2369 variis
1256 2333 1514 2368 venationibus.

210 2438 280 2482 De
301 2437 514 2485 moribus
546 2448 705 2486 autem
734 2450 782 2486 et
809 2439 1168 2488 conditionibus
1197 2444 1299 2505 eJus
1320 2441 1404 2487 etsi
1427 2441 1562 2506 plura

145 2526 287 2575 supra
311 2514 573 2577 retulimus,
609 2533 708 2563 non
736 2527 896 2565 tamen
920 2518 1109 2564 videtur
1131 2516 1387 2579 absonum,
1413 2520 1450 2566 si
1474 2519 1564 2566 alia

200 2650 239 2687 1.
269 2651 341 2688 MS.
365 2653 450 2701 legi.

198 2711 239 2750 2.
269 2711 384 2749 Louis
401 2713 458 2750 XI
477 2724 630 2752 mourut
648 2715 684 2754 le
704 2718 754 2755 30
772 2719 864 2755 amit
880 2747 890 2764 ‚
919 2720 939 2755 ii
962 2719 1058 2756 neus
1071 2718 1210 2757 hcm-cs
1232 2719 1280 2757 du
1300 2720 1391 2758 scir.

199 2775 237 2811 3.
269 2773 321 2810 lei
341 2773 495 2812 §arrd-te
512 2774 675 2814 l'extrait
694 2778 825 2828 publii»
846 2793 915 2830 par
935 2781 1147 2818 Marthama.

194 2839 232 2873 4.
269 2838 437 2884 Quarum
457 2836 550 2875 dans
569 2838 605 2875 le
627 2852 695 2875 ms.
