2060 3392
557 283 606 319 50
923 279 1267 318 HISTORIARUM
1294 280 1529 318 Lvnovlm
1559 282 1613 318 XI

556 367 735 415 nedum
763 371 1017 429 aegrotum',
1049 364 1132 412 sed
1165 374 1408 414 mortuum
1441 381 1540 414 esse
1566 367 1726 431 plures
1756 351 1968 416 susurra·

555 455 661 492 rent
697 455 744 492 et
784 442 1002 490 clanculo
1036 441 1316 505 jactitarent.
1352 445 1518 491 Postea
1554 452 1712 492 tamen
1754 460 1972 511 comper-

557 534 658 571 tum
675 533 743 571 est
760 537 925 570 omnes
942 520 1270 585 hujuscemodi
1293 537 1508 569 rumores
1529 522 1695 570 inanes
1714 515 1762 570 et
1776 523 1970 572 veritate

511 618 519 628 ·
555 616 731 648 vacuos
756 598 995 647 exstitisse.
1025 597 1162 645 Nulla
1184 598 1311 645 enim
1333 608 1435 646 tum
1460 598 1736 664 aegritudine
1757 601 1971 665 corporis

555 678 727 724 dicitur
754 675 1058 736 decubuisse,
1087 675 1171 723 sed
1197 675 1260 723 de
1291 677 1601 726 instaurando
1630 687 1677 725 et
1702 678 1969 742 colligendo

555 756 804 814 exercitu,·
830 753 1113 818 tributisque
1146 753 1435 802 immanibus
1450 791 1463 816 ,
1485 772 1584 820 ‘per
1617 772 1785 804 omnes
1823 766 1971 804 terras

552 829 744 880 ditionis
772 849 866 880 suae
895 831 1199 896 imponendis
1224 842 1272 879 et
1294 832 1532 894 levandis,
1570 832 1838 896 cogitabat;
1864 838 1970 898 ‹juae

550 916 649 955 tam
678 906 876 970 grandia
909 906 1004 953 suis
1037 904 1216 969 ubique
1243 905 1444 954 subditis
1482 907 1710 971 imposuit
1723 943 1737 969 ,
1764 916 1843 967 ut,
1880 924 1970 973 pro

551 998 636 1029 sua
667 981 789 1028 virili
820 980 1064 1046 portione,
1094 980 1268 1028 >misera
1302 991 1349 1028 et
1384 980 1544 1028 infelix
1578 982 1871 1030 Nor-mannia
1907 982 1969 1030 ad

549 1059 845 1123 septingenta
865 1058 1106 1121 sexaginta
1119 1058 1332 1122 quinque
1350 1058 1497 1106 millia
1515 1057 1789 1106 francorum
1811 1068 1970 1107 taxata

551 1135 650 1183 fore
672 1137 924 1184 diceretur.
952 1138 1072 1183 Cum
1098 1145 1258 1183 autem
1278 1136 1469 1183 collatio
1492 1135 1802 1200 praecedentis
1822 1137 1968 1197 anni,

547 1214 683 1262 tertia
713 1223 846 1279 parte
875 1213 1053 1274 minor,
1087 1213 1237 1260 multa
1274 1213 1422 1261 millia
1452 1212 1778 1261 habitatorum
1811 1214 1971 1279 patriae

546 1292 709 1358 inopia
730 1291 1004 1357 profligasse
1021 1301 1068 1338 et
1084 1291 1134 1337 in
1153 1291 1362 1339 diversas
1383 1300 1530 1339 terras
1547 1301 1596 1338 et
1618 1307 1765 1355 regna
1782 1292 1972 1356 eJecisse

551 1385 606 1416 ac
628 1369 900 1434 dispersisse
933 1369 1136 1430 dicatur,
1170 1368 1281 1416 satis
1311 1367 1568 1433 conjectari
1595 1378 1752 1434 potest
1775 1369 1894 1434 quid
1916 1385 1972 1417 ac

548 1458 781 1511 quantum
811 1447 913 1494 haec
945 1446 1166 1511 frequens
1201 1447 1392 1494 collatio
1428 1446 1705 1495 calamitatis
1741 1444 1818 1494 illi'
1832 1447 1971 1495 mise-

552 1525 712 1572 randae
732 1525 990 1590 provinciae
1010 1524 1234 1572 invehere
1258 1524 1471 1571 similiter
1491 1534 1666 1590 posset.

615 1600 802 1647 Miserat
832 1599 1050 1647 militiam
1072 1615 1154 1646 rex
1174 1600 1274 1664 ipse
1291 1636 1303 1660 ,
1332 1599 1400 1646 uti
1429 1599 1635 1648 diximus
1648 1637 1661 1662 ‚
1686 1599 1844 1648 statim
1865 1610 1973 1665 post

550 1674 636 1722 has
665 1684 853 1738 treugas
891 1675 1112 1736 annales,
1147 1674 1333 1721 circiter
1367 1674 1495 1722 mille
1528 1685 1576 1722 et
1610 1674 1841 1724 ducentas
1873 1676 1974 1724 lan-

553 1767 687 1813 ceas3
715 1751 798 1799 sed
820 1761 874 1798 ut
897 1752 1155 1799 exercitum
1178 1767 1317 1799 suum
1339 1751 1400 1799 de
1422 1752 1698 1816 alienigenis
1719 1747 1971 1815 sufficeret,

554 1838 664 1877 octo
691 1830 767 1877 vel
788 1830 955 1877 decem
985 1830 1134 1877 millia
1158 1830 1447 1877 Suitensium
1461 1867 1474 1892 ,
1499 1830 1562 1878 ad
1583 1846 1669 1878 sua
1693 1830 1975 1879 militaturos

555 1907 791 1972 stipendia
807 1945 820 1969 ,
836 1907 1104 1958 advocavit.
1132 1908 1226 1966 Qui
1247 1908 1415 1973 populi
1437 1908 1704 1973 Alpinates,
1730 1908 1846 1956 olim
1867 1908 1975 1955 Hel·

557 1984 668 2031 vetii
693 1984 940 2048 appellati,
967 1982 1032 2031 ob
1057 2000 1131 2031 res
1149 1999 1177 2031 a
1200 2000 1248 2030 se
1275 1984 1385 2031 satis
1404 2000 1629 2049 prospere
1646 1983 1776 2032 bello
1795 1993 1970 2048 gestas,

556 2077 652 2125 prae
675 2061 852 2108 caeteris
875 2061 923 2108 in
948 2061 1092 2109 armis
1121 2062 1299 2122 strenui
1317 2072 1434 2109 tunc
1454 2060 1738 2110 dicebantur
1758 2071 1806 2110 et
1825 2061 1976 2110 habe-

557 2137 751 2186 bantur.

1019 2318 1360 2365 CAPITULUM
1392 2319 1513 2364 XIV.

558 2460 754 2507 Quomodo
779 2473 856 2505 rex,
875 2473 956 2496 cum
981 2470 1120 2508 treugas
1138 2472 1214 2496 non
1238 2460 1371 2496 videret
1396 2462 1590 2507 observari,
1607 2463 1701 2498 misit
1722 2464 1916 2500 exercitum
1938 2464 1977 2499 in

606 2517 873 2565 Burgundiam3
899 2517 961 2563 qui
985 2517 1064 2561 sihi,
1089 2516 1251 2552 nondum
1276 2526 1399 2552 exacto
1427 2526 1584 2566 tempore
1614 2528 1838 2568 treugarum,
1863 2529 1976 2556 totum

606 2576 812 2611 comitatum
828 2573 1042 2621 Burgundiae
1059 2574 1242 2621 acquisivit
1259 2583 1292 2609 et
1306 2574 1482 2623 oppidum
1498 2577 1649 2612 Dolense
1663 2578 1798 2614 evertit.

624 2696 769 2760 Igitur
803 2711 944 2757 cum,
982 2695 1050 2742 uti
1089 2694 1320 2755 diximus,
1365 2705 1538 2759 treugae
1570 2696 1744 2761 passim
1782 2695 1895 2743 hinc
1931 2706 1977 2743 et

557 2773 669 2821 inde
703 2783 1059 2840 rumperentur,
1101 2783 1148 2820 et
1189 2773 1236 2820 in
1275 2774 1522 2821 alterutros
1555 2774 1743 2838 culpam
1781 2784 1827 2820 et
1863 2791 1974 2840 rup-
2040 2806 2042 2809 -
