2060 3392
460 315 536 355 188
814 311 1158 351 HISTORIARUM
1185 310 1422 349 LUDOVICI
1449 311 1507 348 XI

459 403 575 451 dum
596 401 686 450 sibi
713 401 906 450 obviam
931 400 1137 460 venisse,
1164 398 1287 446 illius
1313 399 1543 464 praeclarae
1571 414 1664 445 suae
1688 398 1874 464 expedi-

459 480 739 528 tionishunc
748 479 984 526 honorem
995 477 1295 540 fructumque
1310 476 1484 536 retulit,
1503 476 1637 523 illum
1651 473 1874 525 infamem

458 547 874 623 turpissimumque
899 555 1028 620 pacis
1060 563 1337 614 tractatum;
1366 553 1609 617 factusque
1640 553 1768 601 velut
1802 570 1874 602 sa-

448 628 589 682 vtelles
625 635 769 700 ipsius
801 633 958 694 duciS,
985 648 1096 680 cum
1129 632 1301 680 eodem
1335 631 1396 679 ad
1424 631 1733 680 evertendum
1756 635 1874 679 Leo-

459 712 593 760 dium
623 712 825 775 illosque
861 710 1109 758 Eburones
1145 726 1229 757 seu
1263 709 1546 757 Leodienses
1571 710 1723 767 venit,
1753 725 1875 774 quos

459 791 557 854 ipse
577 789 720 854 paulo
740 799 873 850 ante,
899 788 1048 835 multa
1071 804 1120 835 se
1147 788 1214 835 eis
1243 788 1560 852 praestiturum
1583 788 1753 835 auxilia
1774 788 1876 852 pol-

456 866 626 927 licitus,
653 866 702 912 in
725 882 857 913 arma
871 865 1095 912 adversus
1113 864 1338 912 eumdem
1359 864 1531 912 ducem
1553 874 1875 912 commoverat

457 954 598 1008 atque
632 944 896 997 excitarat¹.
933 943 1054 989 Hinc
1082 941 1350 1007 triumphos
1388 942 1504 1005 egit,
1529 941 1630 988 liaec
1654 943 1874 1006 praeclara

457 1031 634 1086 tropaea
649 1021 709 1069 de
725 1021 862 1068 hoste
887 1021 1044 1068 retulit
1065 1029 1207 1085 atque
1229 1021 1277 1066 in
1300 1036 1500 1083 regnum
1516 1037 1654 1066 suum
1671 1020 1868 1068 invexit!

522 1101 560 1144 E
585 1097 759 1163 quibus
782 1097 998 1163 profecto
1016 1099 1126 1145 satis
1145 1098 1330 1144 elucere
1349 1107 1491 1161 atque
1507 1097 1706 1145 indicari
1723 1099 1877 1162 potuit

458 1192 602 1239 quam
638 1176 770 1223 fortis
803 1186 851 1223 et
885 1175 1052 1223 excelsi
1089 1175 1236 1222 animi
1270 1175 1430 1234 fuerit,
1475 1176 1557 1239 qui
1594 1192 1693 1222 non
1727 1176 1875 1223 modo

456 1252 643 1300 hostem
681 1254 877 1319 impune
907 1252 1038 1300 abire
1074 1253 1302 1317 permisit,
1343 1268 1454 1299 cum
1483 1250 1655 1299 eodem
1680 1253 1877 1301 minime

458 1345 600 1376 ausus
628 1330 881 1394 congredi,
908 1330 1050 1393 longe
1074 1340 1234 1377 tamen
1262 1329 1412 1394 copiis
1441 1338 1583 1393 atque
1607 1329 1786 1377 viribus
1810 1331 1878 1376 in-

460 1406 696 1469 feriorem,
719 1424 885 1455 verum
907 1408 1051 1455 etiam
1072 1408 1234 1472 spoliis
1256 1408 1352 1454 suis
1374 1408 1553 1472 optime
1578 1417 1803 1455 onustum
1821 1424 1878 1456 ac

459 1483 683 1531 refertum
703 1483 894 1532 dimisit.

526 1564 672 1608 Porro
691 1562 807 1626 quid
830 1561 890 1609 de
915 1562 1006 1617 alia
1036 1560 1336 1626 expeditione
1358 1560 1558 1608 referam
1579 1576 1741 1625 quam,
1767 1579 1876 1610 cum

458 1638 557 1701 ipse
588 1638 981 1702 Burgundionum
1019 1638 1113 1685 dux
1151 1636 1409 1684 Ambianos
1442 1637 1679 1685 obsideret
1713 1638 1878 1702 (quam

459 1714 695 1762 civitatem
729 1715 938 1763 resoluto
969 1715 1143 1762 foedere
1175 1731 1398 1779 percusso
1427 1716 1475 1761 in
1511 1718 1712 1776 Perona,
1739 1717 1879 1764 simul

459 1806 570 1837 cum
602 1789 783 1857 oppido
811 1791 1177 1839 Viromandensi
1208 1791 1340 1854 quod
1373 1793 1766 1850 Sancti-Quintini
1800 1809 1881 1858 ap-

460 1869 678 1932 pellatur,
711 1886 790 1916 rex
823 1868 913 1916 sibi
937 1868 1229 1933 abstulerat),
1256 1870 1507 1917 contractis
1528 1870 1588 1917 de
1611 1879 1712 1917 toto
1734 1887 1880 1934 regno

460 1946 677 1993 maximis
702 1947 852 2011 copiis
882 1947 932 1993 in
958 1945 1148 2011 oppidis
1172 1956 1218 1993 et
1243 1945 1455 1993 finitimis
1477 1948 1600 2010 agris
1625 1963 1882 2011 congrega-

460 2023 569 2069 rat?
593 2026 755 2087 Neque
776 2024 905 2071 enim
932 2022 1286 2071 difficiletantae
1311 2025 1486 2088 talique
1506 2025 1681 2072 militiae
1704 2025 1876 2086 suerat,

460 2099 497 2146 si
535 2099 761 2148 ducatum
801 2102 977 2148 strenui
1013 2111 1060 2148 et
1098 2102 1387 2164 magnanimi
1429 2102 1563 2149 ducis
1607 2102 1876 2162 habuisset,

460 2176 650 2225 hostem
677 2195 797 2243 saepe
829 2186 1072 2244 superasse
1105 2189 1247 2243 atque
1270 2180 1564 2244 protrivisse,
1592 2197 1697 2244 quae
1723 2190 1771 2227 et
1795 2198 1880 2228 nu-

461 2271 594 2301 mero
617 2265 663 2302 et
687 2256 830 2303 armis
853 2272 908 2303 ac
933 2255 1113 2303 viribus
1132 2257 1274 2320 longe
1296 2256 1497 2303 validior
1520 2267 1566 2303 et
1586 2258 1881 2322 praestantior

461 2343 577 2379 erat.
607 2333 872 2397 Aliquando
907 2334 1128 2396 equidem
1162 2343 1209 2381 et
1238 2334 1454 2399 pluribus
1478 2335 1764 2383 continuatis
1784 2336 1881 2384 die-

461 2409 551 2456 bus
586 2411 696 2474 ipsis
725 2410 1051 2457 obsessoribus
1089 2427 1284 2458 annona
1311 2411 1495 2473 deerat,
1523 2421 1622 2459 tam
1652 2429 1740 2477 pro
1772 2414 1880 2462 viris

461 2504 606 2552 quam
635 2505 724 2553 pro
755 2489 890 2552 equis
918 2489 1035 2544 suis,
1071 2505 1180 2534 cum
1202 2498 1360 2535 tamen
1394 2499 1439 2535 et
1463 2489 1664 2536 obsessis
1687 2501 1733 2537 et
1759 2492 1880 2555 regis

461 2566 683 2614 exercitui
705 2566 867 2613 omnia‘
890 2564 1093 2612 ubertim
1114 2564 1429 2613 abundarent.
1456 2567 1548 2614 Sed
1570 2567 1880 2617 nihilominus

461 2644 522 2692 ad
551 2653 790 2692 certamen
828 2652 876 2691 et
907 2659 1212 2705 congressum
1246 2644 1346 2708 ipse
1378 2662 1456 2692 rex
1492 2646 1776 2695 descendere
1803 2649 1877 2695 vel

519 2802 554 2838 ι.
580 2801 679 2849 voy.
703 2807 730 2837 t.
749 2801 788 2837 11
804 2829 815 2849 ,
835 2811 875 2851 p.
900 2800 976 2837 190
996 2806 1034 2836 et
1052 2800 1143 2838 200.
