2060 3392
524 271 573 304 98
881 270 1222 307 HISTORIARUM
1250 269 1488 308 LUDOVICI
1514 271 1569 307 XI

523 375 605 404 eos
643 358 714 405 vel
747 358 1007 405 communi·
1028 368 1158 421 voto,
1195 358 1269 406 vel
1300 375 1358 405 ex
1387 357 1612 406 condicto
1647 359 1715 405 sic
1737 373 1817 406 eas
1846 358 1928 405 de-

524 435 682 483 tulisse
707 436 935 497 intonsas,
968 435 1130 500 quoad
1165 435 1399 484 desiderio
1427 452 1534 493 suo,
1566 435 1625 483 de
1656 434 1929 507 invehendo

522 513 713 576 praefato
736 512 1051 576 Enghelberto
1075 513 1124 560 in
1143 530 1278 562 suam
1301 514 1560 575 civitatem,
1580 512 1718 578 potiti
1756 512 1926 560 forent.

587 591 781 638 Intravit
802 590 942 653 igitur
957 591 1192 639 civitatem
1214 591 1370 656 vigilia
1385 590 1636 638 dominicae
1656 590 1928 652 nativitatis,

520 683 648 714 anno
671 668 865 715 Domini
889 685 1201 732 mccccrxxxi,
1226 687 1335 717 cum
1368 685 1544 734 magno
1575 677 1823 716 auctorum
1860 668 1932 716 sui

520 743 751 792 adventus
772 755 818 792 et
844 746 1070 812 imperitae
1105 764 1161 796 ac
1178 748 1356 812 ignavae
1378 747 1530 813 plebis
1553 746 1802 812 applausu.
1840 746 1931 794 Sed

519 820 732 886 profecto
768 823 908 887 longe
928 824 1061 872 aliter
1101 825 1390 890 quicumque
1416 840 1595 888 graves,
1636 839 1796 871 rerum
1819 822 1935 871 divi-

519 914 690 946 narum
716 909 763 947 et
785 899 1106 950 humanarum
1138 902 1308 967 periti,
1348 903 1423 950 vel
1462 902 1673 949 humana
1713 899 1934 948 callentes

518 977 799 1041 prudentia,
819 996 921 1027 rem
942 979 1288 1028 existimabant.
1313 983 1408 1028 Nec
1432 981 1576 1044 longa
1594 994 1755 1040 mora,
1772 1015 1774 1017 -
1789 977 1935 1027 altera

518 1071 690 1120 nempe
715 1056 792 1104 die.
819 1068 926 1123 post
955 1059 1218 1106 solemnem
1236 1059 1491 1107 nativitatis
1512 1057 1764 1105 dominicae
1783 1051 1930 1118 diem,

518 1132 670 1180 insani
705 1134 832 1199 vulgi
858 1152 980 1184 vana
998 1136 1276 1207 exsultatio,
1302 1152 1447 1202 quam
1481 1135 1542 1183 de
1570 1150 1699 1182 novo
1726 1133 1939 1182 adventu·

517 1209 588 1256 sui
618 1210 824 1260 ruwardi
857 1211 1114 1275 duxerant,
1152 1213 1201 1259 in
1232 1213 1496 1262 lamentum
1526 1221 1574 1259 et
1610 1211 1792 1258 luctum
1815 1226 1934 1258 oon-

518 1303 650 1335 versa
671 1298 762 1345 est;
790 1300 837 1337 et
858 1299 974 1337 tunc
990 1291 1292 1339 manifestum
1313 1290 1400 1337 fuit
1421 1290 1513 1337 utri
1534 1289 1594 1336 de
1615 1304 1704 1335 suo
1729 1287 1937 1336 adventu

516 1366 722 1412 veriores
746 1365 922 1414 fuerint
958 1368 1291 1431 aestimatores,
1317 1367 1446 1414 illine
1469 1359 1551 1430 qui
1577 1364 1621 1412 ei
1657 1364 1938 1430 plaudentes

515 1442 805 1506 arridebant,
840 1454 923 1492 aut
955 1446 1038 1508 qui
1061 1445 1296 1492 infelicem
1330 1435 1681 1506 infaustumque
1712 1442 1936 1491 eumdem

522 1536 619 1566 non
645 1519 943 1584 ambigerent
957 1539 1056 1570 esse
1075 1523 1327 1570 futurum'.

580 1598 844 1664 Collegerat
858 1602 988 1648 enim
1010 1612 1125 1649 tunc
1149 1601 1439 1666 gubernator
1451 1602 1712 1651 Hollandiae
1728 1618 1934 1666 ,magno

515 1676 714 1737 gestiens
749 1679 912 1726 animo
947 1678 1127 1727 diluere
1158 1680 1469 1743 ignominiam
1499 1697 1643 1744 quam
1674 1680 1803 1747 apud
1831 1679 1936 1728 bas-

515 1752 662 1800 tiliam
675 1754 736 1801 de
762 1758 808 1802 V
805 1768 930 1814 aert,
967 1756 1027 1804 ad
1045 1757 1198 1822 ripam
1216 1757 1426 1804 fluminis
1438 1757 1624 1820 Leckae,
1642 1768 1752 1806 ante
1771 1773 1935 1824 passus

514 1830 663 1879 fuerat
684 1850 713 1881 a
733 1834 1124 1899 Trajectensibus,
1145 1837 1270 1883 circa
1296 1836 1384 1883 tria
1414 1836 1560 1883 millia
1582 1837 1825 1896 virorum3
1851 1835 1932 1900 qui

514 1925 568 1956 ex
591 1921 723 1975 parte
754 1913 935 1977 majore
966 1914 1189 1962 militares
1213 1924 1371 1974 erant,
1409 1923 1454 1960 et
1474 1915 1522 1961 in
1540 1915 1721 1962 bellicis
1742 1913 1932 1980 expedi·

514 1986 724 2036 tionibus
760 2000 901 2054 atque
949 1991 1365 2054 congressionibus
1402 1993 1604 2052 assueti,
1655 1993 1777 2038 inter
1813 2006 1934 2055 quos

514 2065 746 2128 capitanei
800 2076 846 2114 et
894 2067 1038 2115 duces
1088 2069 1198 2118 satis
1250 2068 1443 2131 famosi,
1490 2068 1724 2129 marchio,
1773 2083 1934 2114 comes

517 2144 814 2208 Antverpiae²,
843 2154 890 2192 et
920 2145 1118 2208 quidam
1145 2145 1390 2211 hispanus,
1413 2154 1733 2208 cognomento
1758 2147 1936 2192 Parvus

515 2220 761 2283 Saluum-³,
796 2240 907 2270 cum
927 2233 1057 2270 certo
1094 2239 1295 2270 numero
1321 2223 1568 2270 Gallorum
1604 2233 1745 2287 atque
1771 2223 1934 2287 Hispa-

569 2402 607 2438 1.
638 2401 691 2437 Ce
710 2400 776 2451 qui
794 2400 869 2439 suit
887 2401 1010 2440 forme
1027 2415 1081 2439 un
1100 2400 1271 2453 chapitre
1288 2402 1311 2438 a
1332 2408 1419 2452 part
1436 2399 1530 2438 dans
1550 2398 1763 2438 Matthaeus.

569 2464 610 2501 2.
638 2464 712 2500 Jan
729 2475 806 2501 van
823 2465 926 2502 Rans
936 2492 947 2511 ‚
968 2477 1168 2516 mar-grave
1186 2463 1389 2502 d'Anvers.
1495 2457 1499 2460 ’

570 2526 607 2562 3.
633 2541 651 2559 α
673 2526 753 2563 Een
783 2539 916 2564 vroem
952 2526 1142 2578 kapeteyn
1155 2555 1166 2573 ‚
1201 2525 1262 2564 die
1293 2525 1454 2578 geheten
1478 2538 1555 2563 was
1582 2527 1695 2572 Petyt
1713 2527 1933 2571 Salezaert‚

515 2585 613 2624 ende
641 2586 754 2638 plach
785 2600 856 2625 een
881 2596 1069 2640 capeteyn
1094 2596 1132 2626 te
1159 2601 1285 2626 wesen
1320 2600 1415 2626 over
1445 2595 1557 2639 groot
1588 2587 1701 2625 volck
1727 2595 1838 2639 tegen
1859 2585 1933 2624 den

515 2649 651 2687 coninc
681 2663 758 2688 van
789 2651 1034 2702 Vrancryck‚
1066 2650 1165 2689 ende
1198 2650 1335 2689 bracht
1368 2650 1437 2688 mit
1470 2649 1559 2688 hem
1587 2662 1708 2687 xxxiv
1742 2661 1831 2687 man
1867 2647 1935 2685 mit

515 2710 637 2749 stalen
673 2710 822 2763 hogen,
861 2712 961 2750 ende
996 2726 1124 2751 waren
1165 2721 1234 2764 uyt
1267 2713 1464 2763 Biscayen.
1497 2729 1515 2746 ι
1558 2713 1749 2759 (Annales
1780 2723 1854 2747 rer.
1894 2714 1933 2746 in

516 2776 636 2820 Holl„
662 2783 755 2822 etc„
784 2774 878 2813 dans
903 2775 1103 2814 Matthaeus
1118 2805 1129 2823 ‚
1151 2785 1176 2816 t.
1200 2778 1253 2823 ΙΙ,
1275 2789 1315 2827 p.
1340 2777 1423 2824 17).
1446 2775 1478 2813 Il
1497 2775 1553 2811 sut
1574 2774 1744 2822 toujours
1763 2772 1814 2810 du
1834 2771 1933 2823 parti
