2060 3392
435 303 511 341 158
798 300 1146 339 mSTomssuJM
1173 300 1412 342 LUDovlcl
1439 302 1495 339 xl

434 388 732 437 conditiones
767 388 980 451 gratiosae
1020 387 1413 436 concederentur.
1452 390 1511 435 Et
1549 405 1628 437 eas
1662 391 1857 454 quidem

432 465 823 514 clementissimus
868 466 1090 532 princeps
1134 466 1410 527 concessit3
1468 465 1640 530 adjecit
1696 476 1856 516 tamen

433 545 590 608 aliqua
609 543 732 603 ultra
755 542 879 604 haec,
902 559 1007 607 quae
1026 544 1152 592 cives
1173 544 1380 609 perferre
1402 560 1550 592 onera
1571 561 1628 592 ac
1654 545 1857 595 tolerare

434 621 680 669 deberent.
1811 636 1836 677 fi

497 702 612 758 Quae
645 715 755 745 cum
783 714 883 746 non
909 697 1036 746 factu
1065 697 1277 747 difficilia
1307 715 1395 747 nec
1422 698 1543 748 dura
1565 700 1768 764 nimium
1789 701 1856 749 eis

430 778 718 838 viderentur,
752 792 808 824 ea
835 793 885 825 se
916 777 1196 843 impleturos
1225 777 1589 844 spoponderunt
1605 816 1618 842 ,
1644 789 1691 827 et
1721 781 1855 846 quasi

428 873 529 905 non
575 855 871 919 ambigerent
917 855 977 905 de
1019 871 1257 903 consensu
1289 856 1466 904 civium
1482 893 1495 918 ‚
1529 873 1586 916 ea
1623 857 1854 924 principi¹

428 943 700 984 annuerunt
715 968 727 992 ‚
767 949 815 980 se
837 932 983 981 vades
1006 949 1089 980 seu
1112 931 1303 982 obsides
1326 943 1522 1000 propter
1550 934 1647 982 hoc
1679 934 1855 983 consti-

428 1011 625 1061 tuendo.
673 1008 835 1060 Noluit
882 1020 1043 1059 tamen
1084 1011 1185 1076 ipse
1234 1010 1459 1059 dominus
1517 1010 1579 1059 de
1621 1013 1857 1079 Montfort

427 1089 620 1153 adjectis
648 1104 734 1154 per
765 1087 938 1136 ducem
968 1087 1098 1135 hisce
1126 1086 1353 1136 oneribus
1388 1087 1604 1145 absolute
1634 1098 1854 1154 praestare

427 1183 672 1216 assensum
691 1204 704 1229 ,
731 1166 816 1214 sed
840 1151 1011 1214 reverti
1045 1165 1107 1213 ad
1136 1166 1380 1215 civitatem
1411 1166 1563 1214 voluit
1589 1176 1644 1214 ut
1676 1166 1854 1216 civium

425 1261 566 1310 super
604 1244 679 1291 his
709 1244 963 1292 consilium
1008 1252 1150 1308 atque
1200 1259 1488 1292 consensum
1533 1243 1800 1307 exquireret
1834 1264 1846 1291 :

425 1322 558 1387 quod
594 1322 685 1370 sibi
717 1340 775 1371 ex
810 1323 1015 1389 praestita
1040 1321 1131 1374 sibi
1163 1323 1279 1371 salvi
1310 1322 1577 1370 conductus
1602 1323 1851 1375 securitate

426 1399 618 1448 licebat.

461 1509 466 1513 «
491 1477 751 1526 Putabatur
777 1488 893 1526 tunc
920 1478 1067 1526 ferme
1092 1494 1121 1526 a
1149 1478 1359 1540 cunctis,
1391 1488 1439 1527 et
1468 1478 1534 1527 ita
1565 1478 1690 1528 fama
1719 1496 1852 1531 com·

425 1557 583 1606 munis
619 1557 871 1617 volitabat,
908 1557 1202 1618 deditionem
1244 1556 1445 1603 civitatis
1484 1566 1532 1604 et
1566 1573 1734 1622 pacem
1773 1557 1850 1606 fir-

424 1651 552 1683 mam
575 1635 748 1682 factam
761 1651 876 1682 esse.
898 1635 991 1682 Sed
1013 1650 1125 1682 cum
1142 1634 1272 1681 idem
1294 1633 1520 1681 dominus
1535 1634 1595 1683 de
1617 1636 1854 1700 Montfort

424 1713 662 1759 civitatem
686 1712 847 1759 fuisset
870 1713 1129 1775 ingressus,
1155 1712 1313 1759 statim
1335 1728 1392 1758 ex
1411 1711 1641 1777 abrupto,
1669 1711 1849 1777 absque

424 1789 652 1837 mandato
675 1799 721 1837 et
744 1788 1047 1836 ordinatione
1070 1788 1205 1836 ducis
1219 1826 1231 1850 ,
1258 1789 1307 1836 in
1330 1805 1387 1836 ea
1408 1799 1542 1854 parte
1567 1806 1662 1854 qua
1683 1790 1848 1839 effrac-

424 1877 498 1915 tus
532 1867 681 1915 fuerat
719 1883 908 1927 murus,
950 1867 1120 1914 milites
1159 1867 1275 1914 certi
1305 1883 1362 1913 ex
1401 1867 1497 1915 suis
1527 1867 1756 1915 insultum
1786 1867 1848 1916 ad

423 1944 662 1992 civitatem
696 1944 849 1992 facere
880 1943 1183 1992 inchoarunt.
1229 1943 1414 2002 Quibus
1450 1962 1562 1992 cum
1603 1962 1631 1993 a
1666 1944 1849 1999 civibus

423 2032 470 2069 et
491 2023 719 2082 rutheris,
743 2023 826 2087 qui
843 2023 970 2069 intro
987 2031 1144 2083 erant,
1169 2022 1431 2070 resistentia
1448 2022 1636 2087 objecta
1658 2023 1842 2083 fuisset,

423 2110 469 2147 et
499 2117 573 2148 res
613 2099 944 2164 hujuscemodi
983 2110 1158 2147 temere
1194 2110 1420 2149 attentata
1455 2101 1518 2149 ad
1551 2101 1685 2149 ducis
1720 2102 1844 2151 noti-

424 2178 538 2226 tiam
569 2179 773 2243 perlata‚
813 2177 875 2226 ad
911 2177 1268 2242 prohibendum
1303 2178 1530 2244 insultum
1558 2179 1657 2244 ipse
1686 2180 1844 2230 statim

423 2256 626 2303 accurrit
662 2255 892 2319 jussitque
928 2255 1100 2303 milites
1143 2251 1205 2303 ab
1247 2255 1439 2320 incepto
1480 2272 1661 2304 cessare
1701 2267 1844 2323 atque

423 2333 682 2380 discedere.
730 2337 891 2380 Unum
939 2349 1132 2398 quoque
1178 2342 1260 2380 aut
1295 2332 1418 2380 duos
1462 2350 1610 2383 manu
1648 2337 1843 2401 propria

422 2412 675 2475 peremisse
698 2410 952 2472 ferebatur,
976 2421 1023 2458 et
1046 2410 1246 2458 totidem
1267 2410 1482 2475 patibulo
1504 2411 1631 2476 affigi
1657 2414 1836 2464 fecisse.

489 2487 581 2537 Sed
619 2487 930 2535 nihilominus
967 2505 1024 2534 ex
1052 2487 1172 2546 hoc,
1208 2505 1312 2552 quae
1347 2488 1469 2539 facta
1508 2489 1647 2538 fuisse
1677 2491 1841 2543 crede-

422 2564 588 2624 batur,
637 2581 728 2630 pax
765 2564 887 2612 adeo
927 2564 1116 2612 turbata
1156 2564 1264 2624 fuit,
1308 2566 1500 2630 praefato
1540 2567 1739 2616 domino
1780 2568 1840 2616 de

423 2644 661 2707 Montfort
681 2642 876 2690 minime
893 2642 957 2690 ad
973 2641 1145 2689 ducem
1163 2652 1449 2704 revertente,
1477 2642 1560 2692 sed
1585 2645 1634 2692 in
1653 2645 1840 2697 civitate
1896 2674 1900 2678 -

475 2799 493 2835 1
503 2826 514 2838 .
546 2799 617 2838 Ms.
633 2801 844 2847 principia.
