2060 3392
628 321 787 362 LIBER·
797 321 999 360 SEXTUS.
1091 352 1098 363 ,
1439 322 1457 356 1
1470 323 1483 357 1
1495 323 1517 358 3

104 407 298 459 habire
312 404 473 477 posset
486 447 499 472 ,
533 409 663 475 apud
697 407 921 457 eumdem
954 407 1232 472 episcopum
1253 407 1514 468 institisset,

104 485 192 535 ned
211 486 410 536 minime
433 487 483 534 in
504 487 601 534 hoc
627 501 768 534 suum
799 484 1088 533 desiderium
1114 483 1177 532 ab
1207 500 1267 532 eo
1293 484 1521 549 potuisset

106 561 324 611 obtinere
337 600 352 624 ,
376 562 439 617 ad
460 562 685 610 eumdem
713 577 874 624 regem
902 561 1159 624 confugere
1180 561 1357 622 statuit,
1386 561 1523 626 polli-

105 656 248 705 cens,
275 641 314 689 si
339 641 384 688 ei
416 651 571 688 certus
596 640 850 688 satellitum
870 656 1099 688 numerus
1121 639 1402 698 traderetur,
1433 639 1523 688 sibi

105 711 290 782 suoque
318 719 542 768 exercitui
569 735 656 784 per
685 727 832 765 terras
857 717 1140 766 Leodienses
1170 717 1259 764 iter
1286 717 1421 765 facile
1450 717 1525 764 vel

105 793 159 842 in
192 793 503 843 ‚Bi-abantiam
519 833 533 858 ,
574 795 651 842 vel
681 795 776 842 alio
794 832 807 855 ,
848 811 947 860 quo
990 794 1261 842 faciendum
1300 794 1521 854 duceret,

106 872 305 938 aperite.
338 875 446 931 Qua
477 873 817 938 pollicitatione
845 872 1024 920 excitus
1054 888 1135 918 rex
1160 881 1208 919 et
1242 889 1493 938 persuasus
1506 908 1520 930 ,

103 949 262 1001 eidem
291 950 533 998 Willelmo
568 950 776 1014 aliquam
811 949 1015 997 militum
1052 965 1250 997 suorum
1263 987 1276 1012 ,
1309 950 1526 1014 exiguam
1596 1000 1601 1005 ,

0 1056 21 1093 ·,,
105 1028 264 1076 tamen
281 1066 294 1088 ‚
317 1045 518 1077 manum
535 1027 866 1076 contradidit¹.

166 1107 292 1154 Cum
315 1121 374 1154 ea
391 1115 552 1154 autem
574 1121 788 1153 reversus
810 1105 860 1151 in
882 1105 1109 1170 patriam,
1135 1104 1195 1152 de
1217 1104 1418 1152 domino
1439 1120 1527 1152 suo

105 1182 331 1248 episcopo
365 1200 416 1232 se
445 1184 643 1249 cupiens
674 1181 918 1230 vindicare
935 1218 948 1241 ,
987 1191 1183 1247 repente
1217 1191 1264 1229 et
1294 1182 1529 1247 insperate

106 1260 344 1310 civitatem
367 1262 601 1310 Leodium
616 1298 629 1321 ‚
653 1261 703 1308 in
737 1276 832 1324 qua
861 1270 977 1307 tunc
1000 1259 1128 1307 idem
1159 1259 1398 1307 residebat
1434 1261 1531 1325 epi-

107 1341 315 1404 scopus',
334 1341 530 1405 stipatus
550 1339 647 1387 suis
669 1338 852 1386 auxiliis
872 1338 934 1386 ad
954 1354 1226 1398 numerum,
1246 1347 1301 1386 ut
1316 1337 1526 1398 aiebant,

39 1416 48 1425 ‘
107 1416 235 1465 circa
274 1418 404 1466 mille
439 1428 487 1466 et
518 1417 889 1482 quingentorum
923 1415 1137 1463 virorum
1152 1453 1166 1477 ‚
1201 1414 1398 1463 adortus
1440 1427 1525 1464 est.

107 1493 254 1559 Cujus
292 1494 526 1542 adventus
569 1494 780 1542 novitate
815 1493 1062 1540 exterritus
1098 1493 1351 1558 episcopus
1365 1531 1378 1554 ,
1420 1510 1530 1541 cum

108 1571 332 1620 nuntium
361 1572 618 1638 accepisset
652 1571 786 1636 quod
808 1571 910 1635 jam
945 1587 1046 1618 non
1079 1571 1251 1636 procul
1282 1587 1311 1618 a
1344 1571 1532 1619 civitate

73 1641 82 1657 ’
108 1647 322 1712 abesset,
358 1650 459 1714 ejus
493 1651 726 1716 impetum
763 1648 908 1696 armis
938 1646 1156 1695 inhibere
1202 1657 1345 1712 atque
1387 1649 1534 1714 repri-

109 1741 239 1781 mere
263 1736 336 1776 est
359 1737 559 1775 conatus
576 1765 589 1786 ,
620 1725 961 1789 mandavitque
982 1724 1169 1772 civibus
1193 1726 1290 1773 suis
1314 1734 1363 1772 et
1382 1726 1534 1790 magi-

109 1802 332 1852 stratibus
350 1804 517 1869 populi
540 1841 553 1864 ,
577 1820 700 1868 quos
717 1802 1107 1866 burgimagistros
1129 1803 1372 1867 appellant
1385 1840 1399 1862 ,
1420 1820 1535 1868 qua-

111 1888 249 1929 tenus
272 1897 367 1947 -per
401 1891 581 1929 turmas
612 1897 720 1928 suas
749 1880 840 1928 sub
874 1879 1056 1927 vexillis
1084 1879 1394 1935 artificiorum
1426 1898 1535 1929 suo-

111 1974 248 2018 rum,
278 1958 349 2006 uti
378 1958 430 2006 in
462 1958 795 2022 hujuscemodi
831 1956 947 2005 belli
977 1956 1260 2006 tumultibus
1291 1959 1498 2007 assolent
1515 1997 1528 2022 ,

110 2051 211 2083 sese
240 2035 540 2100 colligerent,
583 2035 722 2100 eique
749 2035 920 2082 armati
953 2035 1258 2084 associarent.
1294 2036 1389 2084 Sed
1421 2053 1533 2084 cum

110 2111 268 2161 eidem
286 2113 515 2178 episcopo
541 2128 571 2160 a
601 2112 799 2160 diversis
820 2111 1121 2160 nuntiaretur
1136 2113 1239 2176 jam
1261 2113 1423 2162 hostes
1443 2115 1534 2162 im-

110 2190 292 2239 minere
325 2200 374 2238 et
405 2182 596 2238 concito
628 2206 791 2254 gressu
820 2189 883 2238 ad
911 2190 1277 2257 irrumpendum
1295 2192 1534 2249 civitatem

111 2266 357 2337 festinare,
391 2268 664 2316 existimans
696 2284 745 2316 se
766 2305 780 2328 ,
810 2266 896 2314 ubi
929 2268 1249 2331 egrederetur,
1283 2270 1440 2318 statim
1468 2271 1534 2317 ci-

164 2391 206 2429 ¹.
232 2405 251 2423 ι
270 2389 328 2428 Ne
347 2401 438 2440 scay
456 2388 515 2427 s'il
533 2387 754 2427 deseouvrit
777 2400 819 2425 sa
843 2386 1054 2427 maulvaise
1076 2388 1231 2427 volente
1249 2401 1300 2427 au
1321 2402 1394 2441 roy
1414 2393 1531 2441 loys,

112 2462 179 2491 car
200 2450 234 2499 ‚il
257 2463 309 2491 ne
328 2451 385 2490 lui
408 2451 517 2489 voult
541 2450 725 2490 accorder
748 2450 932 2488 aulcunes
956 2463 1050 2502 gens
1077 2450 1126 2488 de
1153 2463 1213 2488 ses
1241 2450 1531 2499 ordonnances;

113 2512 207 2550 mais
230 2512 256 2551 il
285 2512 421 2551 cucilla
441 2514 464 2550 a
488 2513 677 2551 l'environ
704 2512 752 2550 de
770 2512 876 2550 Paris
895 2521 934 2550 et
955 2512 1109 2551 ailleurs
1127 2513 1288 2551 aulcuns
1307 2515 1534 2566 gendarme-

113 2573 247 2613 reaulx
267 2575 345 2614 mal
370 2575 583 2627 empoinct,
609 2589 657 2614 en
686 2573 850 2613 nombre
877 2574 926 2613 de
955 2584 1092 2627 quatre
1117 2588 1208 2614 cens
1235 2576 1467 2625 chevaliers,
1498 2587 1535 2616 et

113 2637 273 2675 aulcuns
302 2633 451 2689 pietons
483 2647 521 2676 et
549 2647 767 2691 pageastres
798 2638 875 2676 mal
900 2636 1089 2687 babilla,
1121 2638 1188 2689 qui
1214 2638 1251 2676 le
1269 2640 1486 2690 suyvoient.
1514 2657 1531 2674 a

113 2699 291 2746 Molinet,
312 2708 342 2740 t.
361 2702 423 2748 11,
438 2699 552 2753 chap.
572 2713 766 2740 muxvm.

169 2763 209 2800 2.
238 2760 431 2812 L’ieveque
460 2762 550 2800 etait
587 2763 609 2799 a
640 2764 750 2812 Hu53
775 2762 872 2801 mais
896 2762 923 2799 il
948 2774 989 2800 se
1019 2761 1145 2800 rendit
1172 2765 1194 2801 a
1222 2763 1338 2814 Liege
1365 2763 1535 2814 lorsqu’il

115 2821 240 2873 appi-it
258 2821 433 2860 l'arrivee
450 2822 499 2860 de
516 2822 733 2861 Guillaume
750 2823 798 2861 de
816 2825 871 2860 La
889 2824 1032 2863 March.

277 2897 323 2921 111
1298 2889 1320 2922 8
