2060 3392
466 226 469 230 ’
507 250 530 287 4
868 242 1208 282 HISTORIARUM
1235 241 1470 279 mnovm
1496 242 1553 278 x¹

507 335 708 402 pedibus
746 334 907 394 soluti,
930 331 1102 396 quibus
1132 347 1181 377 se
1206 330 1322 395 jugo
1351 329 1630 395 captivitatis
1668 329 1915 396 depressos

507 412 645 459 fuisse
677 410 1026 459 arbitrabantur
1041 445 1052 467 ,
1080 408 1129 455 in
1152 424 1257 469 eos,
1280 409 1362 473 qui
1385 407 1458 455 vel
1489 418 1705 456 auctores
1722 408 1798 456 vel
1829 409 1915 456 mi-

506 489 638 536 nistri
684 504 766 535 seu
813 494 1146 550 cooperatores
1195 483 1405 548 ejusdem
1450 484 1734 550 captivitatis⁴
1775 483 1916 532 fuisse

506 565 773 613 dicerentur
788 603 800 620 ,
824 561 1028 610 mirabili
1044 560 1157 608 odio
1177 561 1553 609 inardescebant.
1582 564 1639 609 Et
1653 561 1766 626 quia
1780 578 1916 627 supe-

508 643 680 690 riorem
714 650 828 687 tunc
860 639 1045 686 nullum
1078 637 1348 700 habebant,
1390 638 1472 702 qui
1509 638 1637 702 vulgi
1658 639 1723 686 ita
1739 639 1914 704 passim

504 719 732 766 saevientis
765 726 923 782 posset
953 715 1202 764 audaciam
1241 731 1487 776 coercere,
1519 716 1682 764 omnia
1717 716 1914 782 impune

502 810 639 858 posse
662 810 750 859 pro
768 792 905 840 libito
915 808 1052 856 agere
1075 808 1124 840 se
1144 791 1400 857 putabant3
1426 809 1515 839 nec
1535 792 1660 840 ullus
1686 809 1770 841 eos
1788 793 1912 858 opti-

501 882 682 918 matum
713 881 855 934 atque
897 869 1132 917 nobilium
1168 879 1322 917 metus
1335 907 1347 931 ,
1379 879 1461 917 aut
1480 870 1622 918 etiam
1643 870 1789 935 ipsius
1819 887 1914 917 suae

499 950 806 1014 principissae,
835 949 1045 1014 innuptae
1071 948 1260 1013 puellae,
1280 984 1282 987 -
1301 947 1363 995 ab
1403 947 1679 1012 hujusmodi
1719 936 1913 996 ausibus

499 1027 754 1075 cohibebat
778 1045 788 1073 τ
814 1027 931 1091 quin
962 1027 1121 1091 potius
1158 1026 1207 1072 in
1237 1041 1342 1087 eos,
1370 1035 1600 1090 tanquam
1619 1018 1784 1091 priscae
1818 1041 1912 1072 suae

496 1105 773 1153 calamitatis
807 1114 855 1151 et
883 1104 1116 1151 servitutis
1155 1112 1370 1151 auctores
1404 1104 1479 1150 vel
1502 1103 1707 1151 fautores
1723 1141 1736 1166 ,
1759 1103 1913 1151 insur-

495 1201 602 1249 gere
624 1201 721 1231 non
745 1182 1002 1242 timebant;
1029 1182 1104 1229 vel
1126 1198 1210 1229 eos
1224 1219 1236 1243 ,
1274 1191 1504 1246 tanquam
1540 1181 1755 1246 partibus
1790 1181 1912 1244 regis

494 1265 784 1309 Francorum
809 1260 1043 1321 faverent,
1067 1259 1213 1306 veluti
1234 1261 1475 1324 suspectos
1497 1259 1802 1307 vehementer
1823 1258 1911 1306 ha·

494 1338 688 1386 bebant.
733 1337 859 1384 Adeo
907 1336 1122 1402 profecto
1165 1336 1293 1401 apud
1324 1352 1407 1383 eos
1446 1335 1510 1382 de·
1547 1352 1632 1383 sua
1666 1334 1912 1384 nobilitate

494 1416 693 1464 invaluit
721 1414 900 1479 ubique
937 1414 1124 1462 sinistra
1148 1413 1353 1479 suspicio
1371 1451 1384 1475 ,
1426 1423 1479 1460 ut
1516 1413 1576 1461 de
1615 1413 1748 1461 nullo
1777 1429 1911 1478 paene

493 1509 746 1558 procerum
769 1508 851 1538 seu
870 1490 1108 1538 nobilium
1127 1499 1363 1538 terrarum
1379 1490 1568 1538 illarum
1583 1489 1880 1538 confiderent
1894 1527 1907 1550 ,

495 1571 577 1618 sed
615 1586 781 1617 omnes
807 1570 952 1633 vulgo
985 1570 1142 1617 dicere
1181 1579 1228 1616 et
1257 1568 1472 1633 Jactitare
1503 1573 1619 1615 non'
1636 1576 1912 1616 vererentur

495 1665 577 1696 eos
592 1665 690 1695 esse
707 1647 867 1713 patriae
882 1647 1176 1713 proditores,
1205 1656 1251 1694 et
1266 1647 1366 1710 jam
1388 1647 1438 1693 in
1458 1656 1614 1711 partes
1630 1647 1751 1711 regis
1762 1649 1911 1694 Fran-

495 1742 670 1773 corum·
686 1725 926 1774 defecisse.
1800 1739 1803 1743 ’

987 1947 1326 1992 CAP1TULUM
1361 1946 1417 1991 11.

497 2080 654 2124 Qualiter
675 2091 735 2114 rex
753 2079 868 2114 statim
885 2079 1073 2126 occupavit
1095 2088 1204 2119 terras
1218 2079 1387 2127 plurimas
1407 2077 1596 2122 picardia-3
1616 2086 1651 2113 et
1670 2077 1716 2112 de
1737 2076 1911 2125 legatione

940 2135 985 2170 ad
1005 2148 1086 2170 eum
1106 2135 1208 2171 missa
1227 2148 1270 2171 ex
1284 2134 1471 2171 Gandavo.

562 2274 727 2322 Audita
760 2285 917 2322 autem
949 2275 1127 2341 praefati
1171 2275 1304 2322 ducis
1323 2273 1648 2334 exstinctione,
1692 2288 1791 2319 non
1825 2271 1909 2319 diu

495 2351 621 2398 idem
643 2354 932 2398 Francorum
974 2369 1073 2414 rex,
1116 2368 1259 2415 quem
1292 2361 1488 2416 perante
1516 2350 1594 2397 'ad
1632 2349 1908 2396 defunctum

497 2429 710 2475 animum
727 2429 960 2491 gessisset,
997 2429 1292 2477 dissimulare
1311 2429 1497 2494 potuit,
1523 2427 1605 2475 sed
1626 2427 1786 2492 palam
1804 2443 1909 2474 om-

497 2504 637 2552 nibus
659 2505 782 2552 fecit.
809 2507 975 2553 Statim
996 2507 1125 2552 enim
1144 2519 1256 2553 cum
1279 2505 1462 2569 magnis
1479 2505 1694 2570 equitum
1713 2514 1760 2551 et
1774 2503 1909 2568 pedi-

495 2591 599 2629 tum
629 2582 778 2647 copiis
797 2583 1137 2631 inpieardiam
1165 2584 1317 2644 venit,
1353 2582 1438 2630 ubi
1465 2583 1515 2629 in
1546 2582 1710 2646 paucis
1739 2580 1908 2628 diebus

495 2658 653 2723 plures
670 2676 727 2706 ex
748 2659 988 2708 nobilibus
1006 2661 1193 2709 illarum
1218 2670 1467 2722 terrarum,
1492 2661 1635 2707 etiam
1651 2659 1712 2707 de
1729 2659 1804 2708 his
1825 2659 1907 2724 qui

494 2735 581 2782 sub
601 2737 772 2784 Carolo
795 2737 915 2785 duce
928 2738 1107 2786 tribuni
1129 2738 1331 2786 militum
1369 2748 1512 2802 atque
1538 2737 1828 2803 oppidorum
1860 2746 1907 2784 et
