2060 3392
726 280 872 316 LIBER
899 279 1154 317 SEPTIMUS.
1566 283 1643 319 17³

229 364 517 413 sufficienter
538 365 710 412 referre
741 365 923 431 possit?
952 368 1109 423 Quem
1129 381 1239 412 cum
1253 365 1350 412 -diu
1372 365 1461 412 sub
1485 378 1646 416 custo-

226 445 307 493 dia
338 447 523 494 Parisiis
550 447 722 494 servari
753 446 991 510 jussisset,
1036 446 1234 494 omnino
1262 445 1502 512 perditum
1533 465 1645 496 eum

227 542 313 591 per
341 527 481 574 euriae
509 523 792 574 Parlamenti
815 526 1267 574 condemnationem
1301 526 1452 576 facere
1484 531 1647 594 cupie-

230 605 335 666 bat-3
360 616 407 654 et
427 606 492 654 ob
514 623 620 654 eam
645 623 834 654 causam
850 644 862 668 ‚
889 607 1134 671 paululum
1164 617 1420 672 antequam
1442 626 1648 657 morere·

227 694 322 751 tur,
348 685 708 733 cancellarium¹
733 685 815 732 illo
852 685 1089 749 proticisci
1118 686 1345 748 jusserat,
1371 687 1567 751 cupiens
1595 699 1649 735 ut

226 762 301 825 vel
325 751 527 823 nocens,
550 762 626 809 vel
649 763 903 823 innocens,
927 771 981 808 ut
1002 761 1127 809 fama
1147 764 1416 810 communis
1437 764 1617 813 ferebat
1632 804 1645 828 ‚

225 840 492 905 puniretur.
520 843 574 886 In
595 856 693 904 quo
710 850 872 886 tamen
891 838 1188 886 credendum
1212 857 1313 887 non
1332 850 1401 888 est
1424 843 1648 890 eumdem

227 916 563 965 cancellarium
580 953 593 978 ‚
635 918 718 982 qui
742 917 855 981 justi
895 926 942 963 et
981 917 1103 980 aequi
1137 919 1486 966 amantissimus
1525 931 1647 983 erat,

227 1011 365 1049 suum
386 1004 554 1042 contra
571 996 649 1059 jus
666 1005 713 1041 et
731 994 800 1042 fas
818 994 1132 1041 ministerium
1154 995 1384 1060 impertiri
1402 997 1607 1046 voluisse
1617 1001 1649 1046 ⁹.

226 1070 361 1119 Idem
391 1082 552 1120 autem
571 1073 759 1136 juvenis
789 1071 886 1118 dux
904 1109 916 1133 ,
949 1088 1057 1134 rege
1080 1072 1184 1136 ipso
1207 1074 1462 1135 exstincto,
1495 1076 1653 1123 statim

228 1148 291 1196 ab
309 1150 377 1197 eis
394 1151 477 1214 qui
495 1151 628 1213 regni
653 1149 1037 1210 moderationem
1056 1161 1381 1215 susceperunt,
1404 1151 1586 1200 solutus
1608 1163 1655 1200 et

227 1226 351 1275 liber
372 1227 503 1276 abire
525 1228 796 1293 permissus,
823 1227 920 1274 suis
939 1227 1084 1274 etiam
1105 1237 1338 1275 terrarum
1361 1229 1586 1277 dominiis
1607 1241 1655 1279 et

227 1301 496 1351 honoribus
522 1304 733 1368 plenarie
756 1314 825 1351 est
852 1303 1107 1366 restitutus.
1145 1306 1379 1352 Revocata
1408 1305 1552 1352 etiam
1574 1305 1655 1353 illa

229 1379 394 1445 iniqua
411 1380 731 1429 damnationis
752 1380 985 1428 sententia
1002 1381 1051 1427 in
1074 1381 1247 1429 ducem
1265 1382 1400 1429 illum
1418 1383 1654 1448 optimum

230 1456 292 1505 de
314 1462 552 1506 Nemours
571 1475 658 1506 suo
674 1459 807 1523 jussu
828 1458 1032 1523 prolata,
1051 1457 1212 1507 liberis
1236 1459 1332 1506 suis
1353 1475 1498 1507 omne
1516 1461 1655 1526 patri-

231 1535 448 1582 monium
472 1546 542 1583 est
563 1536 866 1583 restitutum³.

295 1612 406 1659 Dies
441 1628 518 1660 me
549 1606 740 1661 'deficiet
756 1651 768 1675 ,
808 1614 846 1661 si
890 1631 1026 1662 casus
1059 1615 1270 1678 singulos
1306 1614 1479 1661 referre
1511 1615 1654 1661 velim

231 1703 397 1735 eorum
410 1725 423 1749 ‚
451 1704 573 1752 quos
593 1689 669 1735 vel
693 1689 745 1735 in
768 1705 1001 1754 aquarum
1023 1689 1308 1753 gurgitibus,
1339 1689 1414 1736 vel
1435 1688 1537 1736 aliis
1559 1706 1657 1753 poe-

233 1781 404 1813 narum
418 1765 686 1828 generibus,
704 1767 922 1830 quamvis
938 1768 1164 1823 insontes,
1182 1767 1328 1815 variis
1335 1766 1490 1812 modis
1503 1767 1657 1830 perire

235 1830 368 1904 fecit,
403 1844 490 1904 vel,
505 1843 726 1908 squalore
759 1854 1003 1891 carcerum
1028 1844 1257 1892 macerari
1288 1852 1335 1890 et
1363 1843 1652 1906 constringi,

237 1919 369 1967 nullo
387 1920 506 1984 juris
532 1930 580 1968 et
602 1921 790 1985 justitiae
819 1921 988 1969 ordine
1013 1921 1289 1980 observat03
1322 1937 1435 1968 cum
1469 1931 1516 1968 et
1537 1922 1657 1968 ami-

237 1997 477 2045 cissimum
512 2015 651 2046 suum
688 1999 977 2047 cardinalem
1018 1999 1193 2060 Balae,
1234 2008 1281 2046 et
1312 1997 1657 2045 virdunensem

238 2074 516 2140 episcopum
538 2077 569 2136 ⁴,
610 2093 797 2124 carcere
830 2076 1046 2124 detentos
1072 2093 1158 2142 per
1187 2092 1340 2123 annos
1373 2075 1558 2123 circiter
1588 2092 1655 2122 ΧΠ

238 2154 456 2201 tenuerit.
484 2156 613 2202 Intra
636 2155 770 2219 quod
794 2165 981 2220 tempus
1011 2164 1109 2201 tam
1145 2153 1385 2219 prolixum
1410 2158 1657 2217 nunquam
1694 2163 1700 2170 ’

240 2230 287 2278 in
315 2231 420 2295 jure
450 2233 764 2319 audientiam,
798 2249 943 2296 quam
975 2231 1300 2280 ardentissime
1331 2231 1420 2279 sibi
1453 2232 1659 2296 praestari

298 2404 335 2441 1.
366 2401 496 2441 Pierm
516 2402 700 2442 d’Oriole.
770 2422 773 2425 -

298 2466 336 2502 2.
367 2464 398 2503 ΙΙ
418 2466 472 2503 fut
490 2466 703 2505 condamne-
722 2479 793 2519 par
810 2467 911 2505 arn-et
930 2466 982 2504 du
1003 2465 1230 2518 paflement,
1252 2466 1287 2504 le
1301 2468 1350 2505 22
1370 2479 1472 2505 mars
1493 2466 1595 2504 1482
1609 2493 1619 2511 ,
1640 2466 1661 2502 ξι

239 2528 454 2570 demandet·
476 2531 624 2583 pardon
650 2546 701 2571 au
725 2532 809 2580 roi,
836 2534 858 2570 Ξι
872 2531 982 2585 jurcr
1008 2531 1055 2569 de
1085 2531 1122 2570 le
1148 2532 1272 2570 servir
1297 2546 1435 2571 envers
1466 2541 1504 2570 et
1530 2538 1662 2569 contre

249 2598 358 2640 tous,
389 2600 427 2630 et
457 2594 479 2630 ὲ
503 2594 652 2633 sournir
683 2594 732 2633 de
763 2594 845 2633 cela
878 2595 1032 2633 cantion
1059 2593 1269 2635 suffisante.
1297 2594 1415 2633 Louis
1442 2596 1499 2632 XI
1525 2600 1662 2632 trouva

246 2665 323 2703 que
340 2651 377 2691 la
394 2653 592 2694 meilleure
609 2656 762 2696 cantion
782 2656 873 2696 etait
895 2655 943 2695 de
959 2656 995 2695 le
1012 2655 1119 2695 teni*
1129 2669 1219 2695 sous
1238 2656 1294 2696 les
1311 2669 1489 2695 veri-ons.

301 2718 339 2754 3.
369 2717 425 2754 En
443 2718 535 2756 aout
551 2719 670 2757 1484.

303 2779 340 2817 ίι.
372 2780 467 2829 Voy.
492 2786 519 2817 t.
542 2782 598 2827 11,
627 2793 667 2832 p.
689 2783 780 2819 2¹0.
