2060 3392
420 264 495 301 152
783 264 1126 302 HISTORIARUM
1153 264 1390 303 LUDovlcl
1416 267 1475 304 xl

418 354 550 420 quod
582 355 719 403 initio
750 353 992 416 nonnulli,
1021 354 1153 418 quod
1175 355 1402 419 agebatur
1435 356 1730 419 ignorantes,
1755 375 1834 408 ar-

417 432 707 479 bitrarentur
743 449 843 479 non
877 431 1041 479 talium
1077 433 1324 479 missilium
1349 449 1448 480 esse
1476 434 1714 496 sonitum,
1749 436 1834 484 sed

416 509 576 575 potius
598 509 839 572 tignorum
861 509 1131 572 aliquorum
1162 510 1465 558 continuatos
1485 511 1606 558 ictus
1627 511 1690 559 ad
1709 511 1834 561 fores

416 586 673 634 domorum
689 586 956 649 aliquarum
969 585 1301 649 effringendas.
1322 586 1544 635 Pulsabat
1563 597 1610 635 et
1629 588 1832 637 terrifico

414 679 535 711 sono
559 661 745 710 assidue
767 678 1000 727 campana
1014 700 1027 725 ‚
1053 679 1139 728 per
1165 680 1312 728 quam
1340 664 1466 712 cives
1494 665 1556 712 ad
1590 681 1832 714 armorum

414 742 643 790 tumultus
664 742 856 789 excitari
879 743 1048 790 solent.

479 819 658 865 Verum
676 835 703 865 e
727 818 910 867 civibus
927 856 940 881 ,
965 819 1128 867 audito
1152 819 1214 867 ab
1239 821 1307 867 eis
1331 821 1462 885 quod
1485 822 1724 894 §livenses
1742 841 1831 889 pro

412 894 732 958 Enghelberto
767 913 854 944 suo
884 895 1139 944 domicello
1174 907 1341 946 contra
1373 915 1511 946 suum
1555 900 1832 966 episcopum

411 973 692 1022 dimicarent
708 1011 720 1034 ‚
750 975 890 1040 pauci
913 985 960 1022 et
982 990 1132 1040 prope
1163 975 1281 1022 nulli
1310 975 1371 1023 ad
1397 976 1723 1024 defensionem
1756 994 1834 1026 ac-

410 1062 692 1122 currerunt3
718 1052 830 1114 sed,
857 1052 1086 1101 obseratis
1109 1054 1238 1101 ostiis
1252 1092 1264 1116 ‚
1291 1071 1390 1102 sese
1429 1056 1553 1104 intra
1575 1057 1698 1105 aedes
1725 1073 1833 1106 suas

410 1129 738 1177 continebant.
1077 1142 1082 1146 ·
1513 1129 1515 1131 ’

473 1207 579 1253 Fuit
613 1208 772 1272 itaque
806 1209 856 1255 in
887 1208 1043 1274 platea
1071 1208 1294 1273 praedicta
1325 1210 1534 1274 partium
1548 1213 1560 1236 ¹
1591 1220 1831 1260 certamen

409 1299 638 1346 magnum
657 1295 799 1349 atque
819 1294 953 1333 atrox
972 1323 984 1347 ,
1007 1286 1056 1332 in
1082 1301 1180 1348 quo
1205 1285 1432 1332 occubuit
1464 1286 1543 1333 ille
1564 1286 1764 1342 stolidus
1787 1297 1834 1335 et

408 1378 584 1425 procax
626 1365 857 1411 Henricus
891 1364 954 1410 'de
992 1361 1213 1411 Nievelde
1228 1401 1240 1424 ‚
1278 1363 1360 1426 qui
1396 1364 1541 1411 totius
1573 1364 1716 1428 hujus
1754 1381 1834 1429 ag-

410 1455 593 1502 gressus
650 1451 817 1488 auctor
860 1440 1012 1488 suerat
1062 1450 1108 1487 et
1147 1441 1380 1497 incentor.
1429 1442 1574 1505 Cujus
1618 1441 1832 1506 profecto

409 1533 545 1563 casus
570 1519 785 1582 perutilis
819 1517 905 1565 fuit
935 1528 982 1565 et
1000 1517 1239 1582 pontifici,
1271 1527 1318 1564 et
1346 1518 1539 1565 civitati.
1575 1506 1833 1566 Ferebatur

409 1594 539 1640 enim
569 1611 682 1642 eum
723 1595 1010 1644 exsecrabili
1026 1605 1323 1643 sacramento
1352 1595 1563 1644 firmasse
1601 1614 1650 1644 se
1684 1613 1830 1645 manu

409 1689 495 1719 sua
525 1673 660 1738 pium
690 1674 967 1738 pontificem
1007 1674 1147 1721 fuisse
1179 1683 1457 1720 necaturum
1475 1710 1488 1734 ‚
1532 1675 1570 1720 si
1600 1675 1752 1722 victor
1786 1685 1833 1722 et

409 1750 566 1797 salvus
586 1751 788 1798 evadere
819 1752 1063 1816 potuisset.
1097 1753 1206 1798 Erat
1237 1752 1414 1816 quippe
1437 1752 1537 1816 ipse
1560 1768 1759 1799 censura
1786 1762 1833 1799 et

409 1828 638 1892 spirituali
665 1846 895 1876 mucrone
915 1830 1088 1877 summi
1108 1828 1348 1894 pontificis
1369 1829 1827 1892 excommunicatus,

409 1914 687 1968 aggravatus
732 1916 778 1952 et
825 1915 1154 1968 reaggravatus
1197 1914 1338 1969 atque
1373 1905 1796 1954 anathematizatus
1814 1944 1827 1969 ,

410 1984 543 2029 omni
575 1983 815 2048 impietate
844 1993 892 2031 et
920 1983 1161 2031 ferocitate
1194 1983 1400 2048 repletus
1416 2020 1428 2044 ‚
1466 1984 1771 2048 quamplures
1803 2001 1831 2031 e

409 2059 592 2106 civibus
627 2070 674 2106 et
706 2060 1031 2108 ecclesiasticis
1065 2060 1249 2109 habens
1296 2060 1410 2107 odio
1449 2059 1824 2123 implacabiliter.

412 2140 605 2201 Propter
635 2137 764 2202 quod
798 2138 1188 2185 clementissimus
1223 2138 1458 2185 Dominus
1489 2137 1626 2184 valde
1654 2138 1830 2186 utiliter

407 2225 454 2261 et
480 2215 846 2262 misericorditer
869 2216 1078 2280 providit
1108 2216 1307 2277 civitati,
1338 2215 1470 2279 quod
1501 2224 1597 2262 tam
1633 2225 1829 2264 cruenta

408 2302 455 2339 et
480 2292 701 2340 immanis
722 2293 883 2340 bellua
906 2294 1173 2351 tolleretur;
1200 2293 1282 2356 qui
1305 2292 1542 2357 profecto,
1576 2292 1614 2338 si
1637 2293 1736 2339 voti
1755 2294 1826 2340 sui

407 2370 682 2417 exsecrandi
722 2386 922 2435 compos
946 2371 1216 2428 mansisset,
1250 2379 1297 2416 et
1324 2369 1556 2433 plurimos
1588 2380 1828 2417 enecasset

408 2463 520 2494 cum
547 2448 731 2512 optimo
762 2447 988 2512 pontifice
1006 2484 1018 2508 ,
1052 2457 1099 2494 et
1122 2446 1184 2493 ad
1211 2446 1495 2511 explendam
1519 2446 1826 2511 rapacitatem

406 2540 564 2585 suam,
604 2525 716 2588 quia
737 2541 920 2590 pauper
942 2534 990 2570 et
1016 2524 1156 2587 inops
1190 2533 1290 2570 erat
1306 2560 1318 2583 ‚
1345 2524 1419 2569 vel
1447 2523 1685 2570 civitatem
1724 2525 1828 2570 uni-

408 2619 590 2651 versam
607 2641 619 2663 ‚
669 2603 744 2650 vel
772 2603 1003 2666 majorem
1034 2602 1200 2660 saltem
1231 2602 1523 2666 locupletum
1566 2601 1823 2649 domorum

457 2775 495 2811 1.
525 2771 726 2811 Matthaeus
739 2773 1007 2822 praedictarum
1020 2775 1205 2822 partium.
