2060 3392
738 308 886 346 LIBER
910 304 1110 348 PRIMUS.
1545 312 1617 349 331

208 395 357 444 Nimis
376 395 505 443 enim
527 394 792 458 legentibus
815 395 1109 443 fastidiosum
1130 403 1266 457 esset,
1293 396 1331 442 si
1353 399 1516 446 omnia
1535 399 1625 446 hu-

201 459 469 538 jusoemodi
494 482 661 521 contra
689 487 780 520 nos
806 474 1035 521 intentata
1055 483 1103 520 et
1122 460 1352 537 exquisita
1378 476 1626 524 molimina

205 552 424 618 prasenti
443 560 613 598 nostrae
636 551 867 617 apologiae
890 551 1120 602 vellemus
1140 552 1362 599 inserere.

645 753 983 801 CAPITULUM
1015 754 1182 800 xxlv.

505 890 641 926 Iterum
655 889 725 925 alia
743 887 897 938 objectio
916 898 950 924 et
966 887 1014 925 ad
1027 901 1106 925 eam
1120 890 1317 938 responsio.

269 1008 364 1056 &d
385 1007 546 1057 adhuc
566 1007 725 1055 forsan
743 1008 887 1055 etiam
904 1008 1012 1071 quis
1032 1024 1122 1055 nos
1138 1009 1332 1074 culpare
1353 1007 1623 1070 conabitur,

204 1095 254 1134 et
287 1086 507 1135 omnium
537 1085 939 1151 persecutionum,
976 1101 1095 1149 quas
1126 1095 1224 1133 tam
1258 1087 1307 1132 in
1344 1085 1486 1134 nobis
1515 1086 1628 1151 ipsis

203 1166 421 1229 quanin
442 1165 614 1212 nostris
635 1165 844 1229 perpessi
865 1176 1046 1225 sumuS,
1073 1164 1263 1229 culpam
1285 1165 1336 1210 in
1362 1180 1451 1211 nos
1474 1164 1631 1212 detor-

203 1258 352 1308 quere
371 1243 602 1304 studebit,
633 1242 767 1307 quod
787 1259 887 1290 non
910 1243 1208 1308 paruerimus
1231 1243 1354 1306 regis
1379 1243 1624 1306 mandato,

204 1336 321 1385 quo,
347 1331 492 1386 prout
511 1337 655 1386 supra
677 1321 940 1379 retulimus,
964 1322 1271 1387 praecipiebat
1293 1332 1347 1369 ut
1365 1323 1539 1370 servitii
1556 1324 1628 1370 sui

203 1413 346 1446 causa
365 1399 702 1464 Perpinianum
722 1410 1078 1447 reverteremur.
1102 1401 1209 1446 Non
1230 1400 1377 1458 enim,
1403 1409 1457 1446 ut
1477 1400 1627 1447 videri

202 1475 441 1540 aliquibus
462 1477 654 1541 poterit,
682 1476 911 1524 mandato
932 1476 1163 1541 principis
1186 1475 1419 1524 obaudire
1442 1477 1626 1525 detrec-

203 1561 304 1601 tare
327 1553 604 1613 debuimus,
644 1569 779 1615 cum,
817 1563 871 1601 ut
898 1554 1149 1619 Apostolus
1182 1556 1392 1620 praecipit
1416 1573 1440 1600 «
1473 1558 1629 1604 omnis

202 1628 364 1677 anima
373 1628 684 1694 potestatibus
697 1629 1057 1677 sublimioribus
1071 1629 1262 1678 subdita
1273 1646 1375 1677 esse
1388 1630 1576 1688 debeat,
1602 1653 1624 1676 »

202 1714 253 1752 et
276 1724 300 1751 ur
325 1707 409 1770 qui
426 1707 647 1770 potestati
667 1707 857 1766 resistit,
882 1708 971 1755 Dei
997 1726 1020 1751 η
1045 1717 1100 1754 ut
1120 1707 1249 1754 idem
1270 1708 1425 1772 inquit
1453 1728 1475 1751 α
1499 1709 1628 1756 ordi-

204 1782 390 1830 nationi
425 1784 611 1831 resistit.
641 1803 665 1829 x
691 1783 836 1842 Quod
866 1793 914 1831 et
945 1784 1159 1831 similiter
1186 1783 1355 1831 beatus
1386 1785 1629 1849 apostolus

207 1860 371 1906 Petrus
388 1860 600 1925 precipit
625 1878 636 1907 ε
667 1879 690 1904 «
714 1859 902 1908 Subditi
925 1876 949 1902 n
973 1860 1130 1923 inquit
1153 1878 1178 1905 «
1205 1870 1355 1908 estote
1378 1862 1511 1908 omni
1529 1862 1628 1908 hu-

205 1951 358 1983 manoe
378 1946 602 2002 creaturae
620 1948 819 2002 propter
834 1941 1007 1996 Deum,
1034 1938 1132 1985 sive
1150 1939 1248 2001 regi
1268 1939 1404 2002 quasi
1425 1940 1627 2003 praecel—

203 2013 346 2075 lenti,
373 2024 466 2061 etc.
498 2034 521 2058 n
546 2025 593 2062 et
614 2015 729 2063 alibi
756 2034 782 2060 ιι
812 2032 912 2063 non
934 2025 1120 2063 tantum
1140 2015 1282 2063 bonis
1306 2025 1352 2063 et
1379 2016 1623 2078 modestiS,

203 2091 289 2139 sed
310 2092 453 2139 etiam
477 2092 697 2156 dyscolis.
729 2111 752 2136 >2

255 2168 365 2216 >Sed
386 2179 513 2216 certe
545 2170 585 2216 si
612 2169 720 2234 quis
740 2185 797 2218 ea
811 2205 822 2225 ‚
859 2186 963 2234 quae
991 2171 1206 2235 superius
1236 2186 1265 2218 a
1287 2170 1428 2217 nobis
1449 2179 1626 2217 retexta

202 2255 332 2305 sunt,
357 2246 419 2294 de
440 2248 610 2305 causis,
636 2257 832 2313 propter
851 2264 970 2313 quas
995 2249 1078 2296 illo
1101 2249 1271 2295 reverti
1295 2249 1396 2295 sine
1418 2249 1624 2295 evidenti

205 2325 370 2372 mortis
390 2326 604 2390 periculo
624 2341 725 2373 non
749 2326 938 2388 licebat,
961 2326 1023 2374 ad
1045 2336 1253 2373 mentem
1282 2326 1536 2385 reduxerit,
1563 2327 1626 2373 fa-

203 2402 293 2450 cile
315 2403 489 2451 talibus
511 2403 861 2467 objectionibus
885 2405 1173 2452 satisfactum
1194 2419 1294 2451 esse
1313 2404 1554 2467 intelliget.

274 2499 300 2525 «ι
325 2483 452 2528 Juste
482 2481 662 2546 impera
688 2500 710 2524 n
737 2482 804 2529 ait
830 2484 1010 2530 Seneca
1038 2482 1101 2530 ad
1129 2484 1390 2540 Neronem3
1425 2501 1448 2525 «
1480 2497 1625 2527 nemo

205 2572 307 2604 non
345 2558 513 2606 eadem
543 2559 686 2606 volet.
715 2579 738 2603 »
774 2560 995 2624 Alioquin
1033 2560 1073 2607 sl
1107 2559 1331 2624 praedicta
1365 2559 1626 2623 apostolica

206 2644 439 2700 praecepta
457 2637 600 2683 etiam
620 2636 682 2684 de
707 2637 797 2698 his,
823 2638 905 2702 qui
927 2638 1071 2702 impie
1094 2647 1140 2684 et
1165 2638 1335 2701 injuste
1355 2653 1443 2683 nos
1465 2636 1627 2682 volent

206 2711 476 2776 opprimere
497 2722 544 2759 et
573 2713 636 2760 ad
658 2713 793 2761 illum
820 2714 967 2762 finem
997 2714 1137 2762 nobis
1169 2715 1423 2778 imperant,
1451 2714 1626 2759 intelli-

207 2788 363 2852 genda
379 2788 551 2851 forent,
566 2792 804 2839 contraria
823 2801 978 2839 essent
991 2801 1040 2839 et
1054 2792 1251 2840 adversa
1266 2800 1502 2856 praeoepto
1525 2791 1624 2837 Sal·
