2060 3392
450 229 510 301 ΙΙιΞ
824 253 1165 297 msTORlARUM
1191 250 1429 293 LUDov'lcl
1455 254 1511 292 XI

460 358 638 398 serunt.
669 351 887 407 Quorum
904 379 917 401 ‚
945 345 1026 409 qui
1057 343 1216 408 plures
1234 379 1246 401 ‚
1269 341 1332 390 ad
1354 342 1640 406 octingintos
1656 375 1670 401 ‚
1704 342 1782 392 alii
1811 344 1874 393 ad

459 436 697 475 trecentos
718 439 971 472 numerum
994 418 1259 469 ascendisse
1280 418 1545 467 dicebant¹.

527 506 585 552 Et
605 504 719 551 tales
750 511 892 566 atque
911 496 1271 563 hujuscemodi,
1295 506 1395 545 tam
1421 497 1548 557 circa
1576 499 1870 558 Tornacum,

460 598 605 647 quam
624 580 749 628 circa
771 574 1343 625 Sanctum-Andomarum
1364 583 1412 621 et
1427 573 1478 621 in
1496 573 1726 622 limitibus
1743 576 1875 623 Han-

460 659 640 718 noniae‚
672 655 810 704 ludos
835 654 1123 719 frequenter,
1145 652 1409 700 alternante
1435 650 1625 700 fortuna
1638 688 1650 712 ,
1671 651 1876 700 exerceri

462 746 604 800 atque
625 733 727 782 fieri
754 731 945 780 aiebant
960 765 973 789 ,
999 731 1156 779 hieme
1178 738 1501 795 procurrente.

927 904 1268 952 CAPITULUM
1301 904 1402 950 XII.

458 1019 666 1066 Quomodo,
683 1031 764 1068 rege
778 1018 961 1054 exsistente
981 1017 1073 1052 circa
1089 1017 1310 1062 Atrebatum,
1327 1025 1362 1053 et
1384 1016 1475 1054 duce
1493 1017 1653 1063 Austriae,
1671 1030 1754 1054 cum
1767 1005 1878 1054 'exer-

504 1077 577 1112 citu
598 1075 717 1112 valido
734 1103 744 1118 ‚
770 1075 864 1110 circa
888 1073 1007 1110 villam
1042 1072 1360 1116 Pontis-Avendini
1375 1100 1385 1118 ,
1417 1074 1563 1110 fuemnt
1585 1075 1678 1110 inter
1702 1086 1764 1110 eos
1783 1074 1878 1111 inite

504 1142 649 1182 treuga,
666 1131 728 1168 sed
741 1132 832 1168 male
846 1140 1002 1168 servata.

524 1238 646 1283 Cum
658 1244 818 1283 autem
832 1234 1123 1281 transiissent
1139 1232 1310 1280 hiemis
1325 1249 1511 1281 menses
1518 1242 1566 1280 et
1577 1249 1729 1299 prope
1746 1231 1879 1282 fieret

459 1315 590 1361 aestas
607 1347 620 1370 ,
655 1329 713 1360 ex
743 1322 896 1359 tractu
931 1321 980 1358 et
1010 1310 1159 1358 limite
1190 1310 1399 1357 fluminis
1429 1310 1605 1376 Ligeris
1619 1349 1634 1369 ,
1661 1310 1711 1358 in
1743 1310 1879 1374 cnjus

460 1390 573 1455 ripis
611 1389 628 1442 (
643 1390 712 1436 uti
738 1387 973 1451 diximus)
1005 1403 1086 1434 rex
1111 1386 1386 1435 hiematum
1413 1396 1735 1445 concesserat,
1767 1403 1879 1435 con·
1938 1436 1948 1441 ,

459 1467 617 1515 tractis
636 1484 694 1515 ex
715 1476 819 1514 toto
849 1482 936 1514 suo
969 1482 1129 1529 regno·
1149 1466 1333 1529 magnis
1361 1465 1575 1530 undique
1596 1466 1812 1530 equitum
1833 1476 1879 1514 et

459 1544 676 1610 peditum
699 1544 872 1609 copiis,
906 1543 967 1591 ad
997 1543 1279 1608 campestria
1303 1543 1486 1590 Artesiae
1518 1553 1566 1590 et
1592 1542 1879 1592 Atrebaten-

460 1621 584 1668 sium
616 1637 755 1685 agros
782 1629 850 1668 est
883 1636 1112 1668 reversuS.
1146 1619 1290 1678 Quod
1331 1635 1444 1666 cum
1478 1620 1651 1667 ducem
1686 1621 1878 1668 Austriae

461 1716 666 1765 suosque
688 1699 885 1746 minime
902 1698 1048 1745 latere
1066 1707 1247 1763 posset,
1273 1697 1573 1762 maximeque
1590 1699 1876 1763 Flamingos,

442 1778 543 1845 =qui
582 1777 856 1842 primiores,
898 1785 1128 1839 tanquam
1161 1775 1414 1822 viciniores
1430 1812 1443 1835 ,
1476 1774 1538 1823 ab
1580 1773 1798 1823 hostibus
1830 1792 1880 1824 se

461 1854 652 1918 aggredi
674 1853 977 1912 verebantur,
1012 1869 1039 1900 e
1073 1851 1260 1899 diverso
1291 1851 1354 1899 ad
1386 1852 1612 1900 tutandos
1642 1852 1762 1901 fines
1791 1852 1880 1902 ob·

463 1932 682 1996 viamque
734 1929 1096 1978 imminentibus
1139 1929 1360 1995 periculis
1403 1946 1709 1995 processuros
1742 1947 1843 1979 sese
1863 1966 1876 1992 ‚

463 2019 643 2073 quanto
680 2009 949 2071 diligentius
989 2018 1131 2071 atque
1162 2007 1427 2056 accuratius
1454 2018 1698 2073 poterant,
1733 2008 1879 2074 adpa-

464 2082 648 2131 rabant.
688 2083 826 2130 Unde
848 2077 953 2130 'dux
977 2083 1170 2129 Austriae
1186 2117 1199 2139 ,
1227 2083 1436 2130 collectis
1459 2083 1641 2146 magnis
1664 2083 1879 2149 profecto

463 2160 613 2226 copiis
643 2177 701 2207 ex
725 2160 974 2207 Germanis
1002 2157 1351 2225 superioribus,
1382 2159 1463 2222 qui
1488 2159 1670 2221 dietim,
1692 2169 1746 2207 ut
1762 2159 1882 2209 dixi-

464 2256 570 2285 mus
587 2275 599 2297 ,
639 2238 699 2285 de
736 2239 877 2287 variis
899 2247 947 2285 et
976 2237 1173 2285 diversis
1204 2237 1460 2302 provinciis
1487 2237 1753 2284 Germaniae
1769 2273 1782 2294 ,
1818 2238 1879 2286 ad

463 2315 697 2381 stipendia
716 2315 807 2363 sibi
831 2315 1092 2372 militaturi,
1115 2314 1465 2375 adventabant,
1490 2315 1673 2378 magnis
1687 2331 1881 2380 quoque

463 2409 520 2440 ex
534 2393 755 2441 Flandria
769 2403 816 2441 et
833 2393 1085 2441 Brabantia
1097 2402 1238 2456 atque
1252 2392 1523 2453 Hannonia,
1540 2392 1652 2439 exiit
1666 2393 1715 2439 in
1731 2403 1881 2441 castra

440 2485 443 2490 ·
463 2483 510 2520 et
534 2482 750 2538 patentes
769 2473 956 2520 Artesiae
977 2488 1192 2538 campos,
1207 2486 1357 2536 prope
1370 2470 1533 2518 villam
1550 2471 1882 2520 Pontis-Aven-

464 2549 565 2597 dini
580 2553 595 2575 ’
611 2559 765 2597 castra
783 2558 1001 2598 metatus.

519 2645 557 2681 1.
587 2643 646 2681 Cf.
667 2642 838 2689 Molinet‚
863 2651 893 2680 t.
914 2644 977 2688 11,
996 2623 1060 2680 ch.
1080 2653 1159 2680 mv·

519 2707 558 2743 2.
588 2705 914 2752 Pont-a-Vendim
934 2705 1023 2756 pres
1040 2703 1088 2742 de
1106 2707 1220 2750 Lens,
1241 2703 1483 2751 aujourd'hui
1499 2703 1594 2742 dans
1612 2704 1879 2743 l'arrondisse-

468 2776 571 2805 ment
588 2767 636 2805 de
652 2768 826 2807 Bethune
843 2766 1166 2815 (Pas-de-Calais).
