2060 3392
677 336 821 374 LIBER
848 335 1050 374 SEXTUS.
1544 339 1567 375 5

131 423 336 472 arcium
355 425 589 490 capitanei
614 433 662 472 et
689 423 906 471 custodes
944 423 1155 485 fuerant,
1195 425 1244 471 in
1275 434 1431 490 partes
1462 442 1570 474 suas

153 502 341 568 pellexit
357 512 404 550 et
423 503 626 551 attraxit.

183 610 187 612 v
218 584 449 631 Omnium
482 584 610 631 enim
626 621 639 645 ,
676 600 798 648 quos
825 593 1037 649 poterat,
1065 584 1252 632 animos
1291 583 1364 644 vel
1399 600 1567 632 mune-

153 658 284 722 ribus
302 659 448 721 datis,
482 661 556 708 vel
580 662 867 726 pensionum
896 677 979 708 seu
1006 661 1249 709 honorum
1269 661 1568 727 pollicitatio-

154 735 297 785 nibus
317 737 639 802 pertentabat3
659 739 725 786 ita
738 748 810 800 ut,
829 738 964 786 brevi
985 739 1213 804 temporis
1234 755 1386 801 mora,
1402 755 1569 788 omnes

152 814 442 863 munitiones
461 814 522 863 de
544 815 848 864 comitatibus
871 816 1055 862 Pontivi
1078 826 1125 862 et
1145 816 1346 877 Artesiae‚
1364 814 1569 882 demptis

152 892 333 958 pauciS‚
374 909 470 940 suae
507 893 771 941 affectionis
811 903 857 940 et
895 893 1091 941 ditionis
1121 893 1342 940 effecerit.
1388 895 1569 959 Sponte

152 970 328 1035 quippe
370 969 664 1019 deditionem
705 970 918 1018 fecerunt
955 971 1095 1035 plura
1135 970 1322 1018 illarum
1361 972 1570 1036 partium

150 1047 330 1113 oppida
345 1084 359 1108 ,
404 1057 458 1094 ut
499 1047 823 1110 Abbatisvilla‚
866 1048 1226 1095 Monsterolium
1240 1086 1252 1109 ,
1302 1047 1566 1110 Hesdc'nclz‚

150 1126 362 1186 Perona,
385 1124 618 1173 Bethunia
628 1135 677 1173 et
698 1126 921 1184 Bolonia,
947 1134 995 1172 et
1004 1125 1096 1172 alia
1111 1125 1217 1173 loca
1239 1126 1564 1190 quamplura¹.

151 1203 291 1251 Initio
306 1197 537 1252 enimvrex
569 1221 669 1251 non
695 1221 762 1265 se,
787 1205 917 1251 velut
935 1203 1148 1264 hostem,
1175 1204 1358 1251 venisse
1380 1203 1442 1251 ad
1467 1204 1565 1251 hu-

85 1271 91 1277 *
144 1279 357 1344 jusmodi
377 1291 525 1329 terras
547 1281 852 1347 occupandas
871 1280 1086 1340 dicebat3
1113 1281 1195 1328 sed
1229 1298 1325 1342 eas,
1351 1290 1405 1327 ut
1440 1291 1568 1328 tuto-

149 1374 254 1406 rem
269 1359 532 1423 legitimum
552 1359 708 1411 filiolae
740 1376 859 1420 suae,
900 1369 948 1406 et
972 1359 1035 1407 ad
1057 1359 1128 1406 sui
1159 1359 1570 1407 conservationem

148 1451 207 1484 ac
242 1435 567 1484 defensionem
598 1437 741 1500 juris,
775 1436 866 1484 sub
892 1452 978 1483 sua
1008 1452 1156 1483 manu
1189 1445 1237 1482 et
1272 1436 1568 1499 protectione

149 1516 367 1578 ponere’.
394 1515 505 1562 Erat
525 1515 704 1580 quippe
726 1514 872 1579 ipsius
891 1513 1204 1578 principissae,
1237 1513 1390 1560 unicae
1411 1513 1569 1560 Caroli

148 1589 283 1638 ducis
303 1589 407 1638 filiae
420 1627 434 1651 ,
476 1591 728 1656 spiritualis
757 1593 807 1638 in
841 1608 975 1639 sacro
1002 1591 1286 1656 baptismate
1314 1600 1449 1655 pater
1484 1607 1569 1638 seu

148 1668 387 1732 patrinus,
425 1684 627 1733 eamque
662 1668 723 1717 de
763 1685 897 1717 sacro
940 1669 1071 1717 fonte
1109 1670 1347 1717 levaverat
1360 1671 1390 1715 ⁸.
1429 1668 1570 1717 Unde

148 1760 205 1791 ex
246 1743 343 1793 hoc
375 1746 692 1811 plurimorum
733 1746 794 1794 de
834 1746 924 1794 illis
962 1746 1097 1793 terris
1135 1746 1348 1806 animos,
1393 1745 1476 1810 qui
1509 1762 1568 1797 ex

149 1819 245 1868 fide
279 1822 438 1886 potius
468 1838 615 1885 quam
640 1823 775 1871 aliter
808 1833 981 1870 cuncta
1007 1823 1083 1886 agi
1115 1820 1471 1882 existimabant,
1505 1823 1568 1870 ad

149 1887 248 1944 sibi'
271 1898 538 1962 parendum
565 1899 816 1947 alliciebat.
846 1903 958 1947 Erat
989 1900 1203 1964 profecto
1229 1898 1386 1946 eidem
1411 1899 1567 1947 filiolae

149 1989 246 2021 suae
281 1976 688 2040 consanguinitate
715 1978 1014 2042 propinquus
1027 2014 1040 2038 ‚
1065 1992 1341 2040 quanquam
1370 1976 1449 2023 alii
1484 1994 1565 2024 su-

146 2063 387 2117 peressent
402 2089 415 2113 ,
468 2054 550 2118 qui
599 2054 748 2117 gradu
801 2054 1145 2120 propinquiore
1194 2053 1350 2101 eidem
1393 2054 1564 2119 junge-

146 2139 325 2177 rentur.
508 2182 510 2185 y

214 2210 278 2255 Ex
311 2207 491 2274 duplici
522 2209 681 2274 itaque
714 2209 867 2274 capite
883 2247 896 2270 ‚
934 2219 1167 2257 terrarum
1197 2225 1389 2257 suarum
1422 2220 1563 2273 atque

143 2283 356 2348 ejusdem
382 2286 744 2349 consanguineae
780 2303 874 2333 suae
902 2287 1096 2334 tutelam
1132 2297 1179 2334 et
1207 2287 1437 2350 gardiam,
1468 2305 1564 2353 prae

143 2362 345 2424 ceteris,
373 2361 551 2414 habere
584 2380 634 2410 se
662 2363 839 2410 debere
872 2363 1165 2412 affirmabat:
1204 2366 1317 2428 quia
1346 2365 1564 2413 videlicet

143 2438 245 2502 ejus
273 2440 573 2505 propinquus
605 2441 1009 2504 consanguineus,
1049 2452 1120 2503 et,
1156 2457 1267 2489 cum
1300 2443 1440 2507 longe
1467 2459 1562 2490 cae-

145 2515 254 2562 teris
277 2526 394 2564 esset
416 2517 657 2581 potentior
687 2517 749 2565 ad
772 2527 919 2565 terras
945 2534 1001 2566 ac
1025 2518 1240 2566 dominia
1263 2520 1364 2583 ejus
1386 2520 1563 2567 tuenda

143 2601 191 2639 et
219 2591 544 2655 defendenda,
586 2594 648 2642 ad
681 2594 957 2658 hujusmodi
997 2596 1152 2644 tutelae
1182 2613 1358 2644 munus
1393 2600 1562 2644 merito

198 2710 236 2746 ¹.
264 2707 536 2746 Janvier-avril
555 2710 675 2749 ¹477.

197 2770 237 2811 2.
267 2768 434 2808 ponebat
450 2769 545 2809 dans
562 2770 599 2809 le
616 2783 689 2809 ms.

200 2833 242 2870 3.·
268 2831 349 2870 mle
367 2832 457 2870 &tait
473 2832 546 2870 nee
563 2833 733 2884 pendant
752 2846 822 2872 son
840 2835 916 2873 exil
935 2848 983 2874 en
1004 2835 1183 2874 Brabant.
