2060 3392
634 369 782 406 LIBER
808 368 1061 406 SEPTIMUS.
1077 335 1087 343 ·
1484 371 1561 407 193

144 466 351 504 crustam
379 457 537 519 magni
571 455 765 520 pastilli,
795 455 1006 502 oblatam
1038 454 1127 502 sibi
1161 455 1223 503 ab
1258 472 1356 503 uno
1390 457 1561 520 insigni

145 534 314 582 bibulo
363 535 474 581 vino
519 533 709 598 plenam
729 571 741 594 ,
789 550 990 581 vacuam
1034 533 1253 599 protinus
1301 533 1562 582 reddidisse

147 611 374 660 exhausto
404 627 434 659 a
470 627 519 658 se
548 611 662 657 vino
691 628 702 657 t
729 610 862 673 quod
897 611 1020 658 satis
1037 610 1251 675 judicare
1290 610 1445 676 potuit
1475 613 1565 659 viri

149 687 509 753 temperantiam
526 695 573 733 et
593 687 870 749 gravitatem
885 689 917 746 ¹,
946 704 1007 733 ne
1029 687 1273 735 stultitiam
1294 687 1511 735 dixerim.

195 767 308 814 'Nec
328 782 443 812 vero
476 774 747 829 temperans
776 774 910 829 pater
940 765 1245 812 solummodo
1281 765 1369 812 fuit
1398 765 1492 812 cibi
1522 776 1568 813 et

147 852 312 909 potus,
345 842 429 890 sed
450 852 498 889 et
525 842 757 889 sermonis
786 851 834 888 et
860 841 1048 904 linguae.
1093 843 1241 889 Rarus
1263 843 1392 890 enim
1415 860 1569 891 sermo

146 921 248 985 ejus
268 931 369 969 erat
394 930 442 968 et
461 920 686 983 gravitate
713 918 964 980 conditus3
998 935 1142 983 quem
1171 920 1257 967 etsi
1285 920 1568 984 aliquando,

148 998 484 1047 oblectamenti
534 998 706 1061 gratia,
744 997 870 1044 inter
914 997 1166 1044 familiares
1222 996 1311 1044 sibi
1352 998 1574 1045 homines

149 1075 211 1123 ad
223 1079 362 1141 jocos
383 1085 430 1122 et
447 1075 566 1122 sales
584 1074 849 1128 relaxabat,
871 1073 923 1120 hi
947 1074 1090 1121 attico
1104 1074 1199 1121 sale
1223 1074 1430 1136 conditi,
1454 1075 1575 1122 nihil

149 1153 438 1210 obscenum,
479 1153 599 1201 nihil
634 1164 772 1218 turpe
799 1153 876 1200 vel
904 1152 1212 1200 inhonestum
1259 1163 1341 1200 aut
1381 1153 1576 1200 scurrile

148 1231 338 1296 penitus
356 1230 644 1279 resonabant
660 1267 672 1290 ‚
699 1230 782 1278 sed
805 1229 938 1294 quod
963 1230 1106 1277 etiam
1129 1230 1344 1294 gravium
1362 1231 1574 1278 virorum

149 1322 289 1354 aures
308 1307 578 1355 demulcere
596 1308 877 1370 animosque
900 1322 1113 1353 recreare
1134 1307 1304 1353 merito
1327 1307 1572 1371 potuisset.

151 1379 295 1432 Filius'
329 1401 440 1432 vero
473 1402 501 1432 e
526 1395 694 1432 contra
725 1384 939 1447 linguam
970 1382 1205 1431 refrenare
1237 1385 1437 1432 omnino
1475 1401 1576 1432 non

151 1471 336 1527 poterat
355 1481 367 1522 3
398 1473 445 1510 et
466 1464 599 1528 quia,
635 1472 687 1510 ut
705 1463 902 1527 Sapiens
918 1462 982 1509 ait
995 1498 1007 1522 ‚
1036 1481 1060 1506 «
1084 1463 1134 1508 in
1153 1462 1456 1526 multiloquio
1476 1479 1577 1509 non

151 1538 302 1588 deerit
326 1551 598 1605 peccatum,
630 1561 654 1584 »
683 1540 954 1604 frequenter
980 1539 1230 1588 eveniebat
1263 1551 1317 1587 ut
1349 1541 1400 1587 in
1431 1541 1578 1589 verba

152 1615 505 1665 detractationis
546 1617 607 1664 de
642 1615 917 1665 absentibus
931 1652 943 1676 ,
991 1616 1134 1664 etiam
1178 1617 1362 1680 magnis
1404 1618 1579 1682 princi-

153 1693 317 1759 pibus,
348 1705 519 1742 rueret.
548 1695 665 1754 Qui,
692 1694 844 1742 relatu
872 1694 1218 1742 nonnullorum
1243 1694 1577 1758 hujuscemodi

157 1770 553 1820 detractationum
592 1782 639 1820 et
670 1772 962 1837 probrorum
995 1771 1152 1819 verbis
1183 1772 1360 1819 discitis
1399 1782 1446 1819 et
1492 1789 1578 1820 au-

157 1847 290 1910 ditis,
325 1849 376 1895 in
409 1865 520 1896 eum
550 1850 932 1897 malevolentiam
966 1859 1014 1896 et
1038 1849 1308 1897 inimicitias
1335 1850 1576 1915 concipie-

158 1923 292 1972 bant.
329 1919 548 1974 Obscena
575 1927 718 1974 etiam
741 1937 788 1974 et
808 1926 966 1991 turpia
993 1936 1134 1989 atque
1163 1926 1376 1973 scurrilia
1409 1928 1577 1992 saepius

158 2011 206 2048 et
241 2019 374 2067 paene
402 2003 586 2051 assidue
622 2021 678 2051 ex
711 2004 811 2068 ejus
845 2021 928 2051 ore
957 2003 1219 2051 manabant
1251 2003 1421 2063 verba,
1457 2004 1576 2051 nihil

159 2079 420 2128 redolentia
445 2081 680 2144 gravitatis
704 2091 750 2129 et
775 2082 1043 2146 sapientiae3
1076 2092 1129 2128 ut
1158 2082 1326 2128 merito
1353 2081 1471 2129 illud
1494 2084 1575 2129 Sa-

159 2157 356 2224 pientis,
393 2159 442 2204 in
469 2159 564 2206 suis
589 2158 880 2219 Proverbiis,
916 2158 1005 2206 sibi
1043 2160 1298 2206 convenire
1331 2158 1392 2206 de
1422 2175 1576 2223 eoque

160 2234 254 2283 dici
272 2237 499 2301 potuisset
530 2255 539 2283 2
573 2255 596 2282 «
620 2239 685 2284 Os
703 2237 942 2285 fatuorum
957 2237 1125 2285 ebullit
1147 2237 1406 2285 stultitiam.
1439 2257 1462 2283 υ

227 2315 363 2360 Pater
380 2315 633 2380 prudentia
655 2324 701 2362 et
720 2332 910 2363 morum
931 2315 1178 2363 honestate
1205 2315 1452 2377 insignitus
1471 2315 1572 2362 fuit.

164 2390 306 2446 Quod
321 2391 430 2438 satis
448 2392 631 2456 liquido
657 2393 851 2456 intelligi
874 2402 1056 2459 potest,
1081 2392 1213 2456 quod
1227 2428 1239 2451 ,
1262 2408 1374 2438 cum
1400 2391 1581 2440 adoles-

166 2481 276 2513 cens
309 2467 465 2516 adhuc
496 2486 694 2533 regnum
723 2470 1003 2535 susciperet,
1044 2479 1175 2535 patre
1210 2485 1296 2515 suo
1332 2469 1381 2515 in
1415 2479 1462 2516 et
1491 2468 1579 2515 sub

168 2552 392 2607 potestate
410 2547 663 2610 Anglorum
683 2557 729 2594 et
754 2547 1146 2609 Burgundionum
1173 2546 1269 2593 vita
1292 2547 1478 2605 functo,
1500 2546 1581 2609 qui

170 2620 298 2683 regni
328 2622 562 2685 potiorem
603 2635 648 2671 et
686 2624 1001 2672 robustiorem
1037 2623 1338 2689 occupabant
1372 2634 1577 2687 partem,

170 2696 344 2744 nedum
368 2700 556 2763 pondus
576 2701 686 2749 belli
703 2712 946 2750 tantorum
969 2711 1160 2764 tamque
1184 2700 1452 2747 validorum
1472 2700 1585 2746 hos-

228 2854 265 2892 1.
298 2854 424 2892 Plutot
439 2869 510 2905 quo
528 2860 620 2894 satis
630 2859 868 2907 judicari,...
891 2861 1162 2908 temperantia,
1184 2865 1257 2902 etc,

304 2932 349 2955 111
1327 2922 1341 2956 1
1354 2922 1375 2956 3
