2060 3392
425 295 472 334 12
793 290 1136 330 HISTORIARUM
1160 287 1397 326 LUDOVICI
1423 288 1479 325 XI

421 394 569 442 court,
614 381 911 430 afficerentur
960 369 1022 426 ad
1061 375 1238 424 foedera
1277 393 1388 424 cum
1430 391 1539 438 rege
1571 391 1834 440 pacemque

422 459 742 526 copulandam
753 495 765 517 ‚
782 457 1048 519 vellentque
1069 454 1400 519 principissam
1415 452 1639 500 inducere
1661 461 1709 499 et
1726 469 1834 502 sua-

422 539 534 587 dere
557 537 646 584 sibi
686 534 817 599 quod
845 534 894 581 in
918 532 1218 596 conjugium,
1248 530 1380 596 quod
1402 546 1483 578 rex
1501 529 1801 578 desiderabat
1816 567 1829 591 ,

422 633 561 663 suum
580 615 792 663 animum
815 610 1085 668 inclinaret;
1112 619 1160 657 et
1177 608 1238 657 de
1252 608 1413 656 hocin
1426 607 1594 672 vulgus
1611 607 1834 656 Ganden-

423 693 544 740 sium
560 729 571 751 ,
596 691 677 754 qui
700 700 801 736 tum
823 690 946 735 inter
977 703 1026 734 se
1063 685 1319 734 seditiones
1352 696 1399 734 et
1435 684 1831 750 tumultus‘paene

416 770 588 834 jugiter
608 766 928 833 exercebant,
950 781 1114 813 rumor
1135 763 1319 811 exiisset
1332 798 1346 821 ,
1374 763 1480 810 illos
1499 761 1622 809 duos
1642 778 1732 826 pro
1754 763 1832 812 illa

420 862 560 894 causa
574 880 588 905 ,
611 853 839 908 tanquam
855 842 1126 908 capitalium
1153 841 1408 889 criminum
1423 855 1547 900 reos,
1571 838 1832 904 apprehenss

420 925 591 971 derunt
604 932 650 971 et
671 923 721 969 in
743 936 981 969 carcerem
996 919 1333 985 detruserunt&

484 999 668 1058 Quibus
696 999 761 1046 ita
803 995 1108 1063 apprehensis
1123 1034 1136 1055 ‚
1162 997 1274 1060 quia
1302 995 1489 1044 fuerant
1534 997 1584 1044 in
1632 997 1831 1046 consilio

419 1079 627 1127 defuncti
647 1077 782 1125 ducis
816 1075 1126 1142 principaleS,
1160 1075 1316 1123 statim
1335 1075 1554 1122 omnium
1579 1075 1725 1124 ferme
1743 1091 1831 1141 po·

418 1157 653 1222 pularium
663 1156 746 1220 qui
758 1153 976 1202 Gandavi
991 1151 1277 1201 exsistebant
1287 1151 1447 1216 (quos,
1458 1151 1535 1200 vel
1552 1152 1832 1217 injuriarum

419 1250 537 1299 quas
557 1232 646 1282 sub
663 1232 890 1280 defuncto
912 1230 1172 1279 tolerarant
1184 1266 1198 1292 ,
1218 1230 1295 1277 vel
1311 1239 1466 1277 metus
1487 1246 1586 1294 quo
1605 1231 1832 1280 serviliter

419 1312 565 1376 pressi
583 1311 791 1371 fuerant,
815 1307 1084 1357 recordatio
1101 1306 1392 1371 stimulabat)
1412 1344 1425 1365 ,
1451 1306 1514 1361 ad
1533 1323 1617 1355 eos
1627 1307 1831 1373 perden-

419 1390 506 1437 dos
522 1400 569 1437 et
590 1406 616 1436 e
637 1388 796 1436 medio
818 1386 1057 1435 tollendos
1080 1386 1212 1433 furor
1230 1384 1518 1432 armabatur.

484 1470 542 1514 Et
576 1482 848 1531 quanquam
883 1465 963 1513 illa
994 1464 1070 1512 vel
1110 1463 1314 1511 maxime
1331 1500 1344 1524 ,
1375 1478 1522 1526 quam
1559 1463 1829 1525 retulimus,

419 1560 560 1592 causa
593 1545 778 1592 animos
809 1541 1126 1589 multitudinis
1154 1539 1467 1587 verisimiliter
1502 1549 1739 1601 moveret,
1762 1549 1833 1588 ta-

419 1622 528 1669 me'n
559 1621 619 1668 de
651 1621 810 1668 multis
836 1617 1232 1666 concussionibus
1248 1654 1262 1678 ‚
1290 1615 1537 1664 fraudibus
1556 1626 1604 1665 et
1632 1632 1831 1682 cormp-

417 1699 519 1745 telis
532 1736 544 1759 ‚
583 1698 814 1760 variisque
846 1696 949 1744 aliis
969 1694 1248 1742 criminibus
1261 1731 1274 1755 ‚
1303 1703 1470 1742 contra
1500 1693 1696 1742 eosdem
1717 1694 1831 1742 arti·

418 1776 510 1822 culi
546 1775 765 1840 producti
808 1783 856 1822 et
881 1772 1078 1842 exhibiti
1117 1772 1306 1820 suerunt
1322 1809 1335 1832 ,
1371 1771 1622 1819 consulatu
1667 1771 1833 1836 oppidi

417 1853 697 1915 Gandensis‚
719 1869 803 1901 seu
819 1852 914 1899 loci
932 1849 1296 1914 magistratibus,
1312 1848 1404 1896 sibi
1422 1848 1482 1896 de
1501 1847 1834 1912 hujuscemodi

419 1930 699 1996 [forisfactis]
730 1930 994 1995 plenariam
1021 1928 1401 1992 jurisdictionem
1431 1935 1479 1973 et
1509 1926 1833 1989 cognitionem

420 2007 785 2055 vindicantibus.
836 2010 1051 2070 Cumque
1093 2021 1168 2052 res
1214 2005 1318 2069 ipsa
1354 2013 1402 2051 et
1442 2003 1614 2068 agendi
1660 2002 1833 2050 modus

417 2086 702 2150 principissae
718 2120 730 2143 ,
759 2100 864 2147 quae
896 2084 944 2130 in
977 2082 1170 2148 oppido
1187 2098 1391 2148 praesens
1418 2091 1532 2127 tunc
1563 2079 1752 2140 aderat,
1785 2089 1833 2126 et

419 2179 506 2209 suo
530 2163 727 2209 consilio
745 2178 844 2208 non
867 2177 1036 2226 parum
1060 2160 1342 2225 displiceret,
1366 2158 1719 2222 requireretque
1730 2156 1833 2221 ipsa

420 2239 696 2303 principissa
713 2276 725 2299 ‚
749 2248 851 2284 tum
872 2254 959 2302 per
979 2237 1302 2302 semetipsam,
1329 2245 1433 2282 tum
1453 2250 1539 2299 per
1563 2233 1756 2280 nuntios
1777 2248 1833 2280 ac

419 2316 618 2378 legatos,
655 2316 795 2363 variis
828 2325 876 2361 et
903 2315 987 2361 diu
1012 2331 1068 2361 ac
1100 2313 1373 2360 multotiens
1407 2311 1582 2359 iteratis
1618 2308 1829 2369 vicibus,

420 2404 650 2457 quatenus
674 2392 762 2439 sibi
794 2393 907 2439 dicti
939 2391 1064 2456 capti
1096 2391 1464 2450 restituerentur,
1497 2397 1723 2450 tanquam
1746 2385 1833 2432 do-

421 2472 558 2517 minae
581 2480 627 2516 et
647 2470 930 2534 principissae
955 2469 1133 2534 patriae‚
1156 2468 1218 2516 ad
1238 2484 1383 2531 quam
1402 2458 1553 2514 solam
1571 2463 1833 2528 jurisdictio

421 2559 466 2595 et
503 2549 710 2611 cognitio
741 2548 801 2594 de
836 2547 1032 2610 objectis
1063 2547 1112 2592 in
1148 2563 1230 2594 eos
1257 2543 1535 2593 criminibus
1567 2551 1613 2590 et
1642 2557 1834 2589 accusa·

422 2626 630 2673 tionibus
653 2625 906 2690 pertineret
925 2625 1123 2689 (utpote
1153 2625 1235 2688 qui
1262 2634 1309 2670 et
1332 2621 1555 2688 praecipui
1579 2619 1833 2685 consiliarii

478 2793 514 2828 1.
546 2793 595 2829 ¹9
618 2802 718 2828 mars
740 2791 857 2827 1477.
