2060 3392
725 298 874 335 LIBER
900 297 1101 337 mnms,
1544 302 1622 341 287

209 394 383 451 negata
396 384 501 447 suit.
519 383 813 446 Secundum,
827 395 898 446 ut,
914 386 1145 450 quoniam
1157 401 1240 432 rex
1257 396 1424 435 nostro
1446 388 1516 434 uti
1533 405 1626 436 ser-

210 461 330 510 vitio
350 462 643 524 decerneret,
671 461 813 510 nobis
836 463 896 510 de
921 462 1082 526 aliqua
1103 463 1374 511 rationabili
1395 465 1626 529 pensione

206 539 459 605 providere
478 540 619 588 vellet
631 576 644 601 ‚
668 550 716 588 et
735 557 844 588 eam
865 540 1007 588 nobis
1022 551 1225 590 statuere
1243 535 1386 608 atque
1402 543 1627 591 ordinare

208 626 319 665 ante
339 633 576 665 recessum
606 627 841 666 nostrum.
870 620 1028 676 Quam
1052 620 1333 683 petitionem
1361 620 1462 685 ipse
1485 621 1628 668 ratio-

209 689 419 740 nabilem
446 691 565 751 fore,
591 693 737 757 idque
762 692 921 757 ipsum
945 693 1012 740 ita
1039 693 1299 758 intelligere
1322 705 1370 742 et
1391 695 1628 743 facmrum

203 783 309 816 esse
341 770 603 834 respondit.

273 848 383 905 Qua
412 847 514 912 ejus
541 847 646 895 freti
671 848 999 913 responsione,
1032 865 1119 914 per
1144 849 1340 914 aliquod
1362 859 1551 916 tempus
1578 852 1629 898 in

205 924 310 989 ejus
329 926 462 973 curia
482 925 716 974 demorati
744 943 909 974 sumus
927 964 940 988 ,
970 927 1221 974 offerentes
1240 944 1427 992 semper
1450 945 1540 976 nos
1568 929 1630 977 ad

209 1001 611 1068 proficiscendum
646 1015 817 1070 praesto
854 1005 973 1066 fore,
1016 1006 1420 1071 quandocumque
1463 1007 1634 1055 liberet

210 1082 348 1146 regioe
366 1081 636 1131 celsitudini
654 1084 715 1131 de
735 1083 1014 1147 hujusmodi
1033 1084 1263 1148 pensione
1276 1084 1374 1132 sive
1394 1085 1633 1150 stipendio

209 1159 451 1209 ordinare.
474 1164 534 1209 Et
554 1162 759 1209 libenter
783 1162 980 1225 quidem
1000 1162 1352 1227 accipiebamus
1377 1163 1511 1228 quod
1532 1181 1633 1212 non

209 1237 309 1286 cito
329 1248 413 1286 aut
442 1242 673 1287 maturius
695 1256 836 1305 super
856 1240 1133 1303 hujusmodi
1161 1241 1412 1289 statuendo
1440 1251 1488 1288 et
1506 1242 1636 1289 ordi-

212 1315 376 1364 nando
402 1316 544 1365 nobis
570 1317 834 1366 honorario
865 1317 1211 1383 provideretur.
1253 1319 1637 1384 Opperiebamur

211 1393 344 1440 enim
365 1394 657 1459 pedetentim
687 1407 741 1443 ut
769 1395 960 1443 hiberni
990 1397 1283 1461 praeterirent
1306 1414 1494 1445 menses
1509 1436 1522 1460 ,
1553 1399 1637 1463 qui

213 1469 278 1518 ad
297 1470 464 1534 longas
485 1473 889 1537 peregrinationes
921 1473 1111 1520 molesti
1151 1490 1252 1521 esse
1285 1474 1441 1522 solent
1455 1512 1469 1536 ‚
1505 1485 1555 1523 et
1586 1486 1639 1523 ut

215 1548 405 1596 vernale
426 1548 604 1596 rediret
627 1559 837 1615 tempus,
856 1550 905 1596 in
923 1567 1046 1615 quo,
1080 1551 1121 1598 si
1143 1551 1548 1616 proficiscendum
1570 1553 1640 1601 fo-

213 1634 313 1687 ret,
356 1627 604 1674 renovatio
640 1628 757 1674 anni
798 1644 1023 1675 curarum
1060 1628 1201 1676 nobis
1239 1638 1382 1695 atque
1415 1630 1640 1678 laborum

216 1703 456 1753 molestias
494 1714 753 1768 utcumque
799 1705 1007 1752 efficeret
1048 1706 1265 1754 leviores.
1307 1703 1454 1754 Nobis
1497 1708 1641 1755 etiam

216 1781 453 1829 nonnulla
470 1782 629 1830 adhuc
650 1799 757 1848 spes
775 1783 1001 1830 manebat
1013 1799 1173 1845 regem
1185 1783 1392 1831 decursu
1412 1778 1642 1851 temporis

217 1857 282 1906 ad
297 1875 388 1906 nos
408 1858 659 1907 deflectere
680 1875 819 1924 posse
837 1860 1054 1906 animum
1071 1859 1312 1906 mitiorem
1323 1898 1336 1922 ‚
1355 1871 1410 1908 ut
1426 1871 1526 1909 tam
1544 1879 1645 1910 mo-

219 1934 338 1984 lesto
360 1935 502 1984 nobis
518 1937 683 1984 exsilio
701 1946 843 2000 atque
863 1937 1130 2001 longinquo
1151 1937 1435 1986 levaremur.
1457 1958 1481 1984 α
1498 1941 1643 1998 Quod

217 2014 348 2061 enim
371 2015 493 2062 ratio
511 2011 686 2079 'nequit
700 2052 713 2075 ,
737 2031 860 2080 saepe
896 2015 1081 2062 sanavit
1104 2031 1265 2077 mora,
1294 2034 1319 2061 »
1348 2027 1402 2064 ut
1421 2019 1644 2083 Tragicus

219 2093 409 2140 cecinit.

194 2172 197 2173 ⁷
291 2171 431 2219 Unde
453 2172 502 2219 in
523 2172 858 2238 prosecutione
878 2171 1014 2219 dietae
1036 2172 1283 2237 pensionis
1307 2190 1397 2221 nos
1418 2173 1541 2223 duos
1565 2187 1646 2224 aut

222 2257 316 2298 tres
337 2266 525 2299 menses
546 2250 876 2313 transegimus,
907 2250 1089 2297 curiam
1114 2267 1302 2316 semper
1323 2260 1370 2298 et
1393 2253 1646 2302 eonsilium
1703 2287 1705 2290 v

222 2328 406 2393 regium
445 2327 562 2375 illud
599 2344 828 2391 magnum
865 2337 1008 2391 atque
1049 2327 1299 2393 publicum
1332 2339 1616 2379 assectantes
1631 2369 1643 2393 ,

221 2406 638 2453 comminiscentes
674 2405 916 2453 interdum
959 2415 1014 2452 ut
1062 2405 1204 2454 nobis
1238 2423 1381 2472 super
1417 2409 1648 2472 pensione

225 2483 435 2548 provisio
457 2483 668 2545 daretur,
706 2484 841 2547 cujus
876 2482 979 2531 sola
1016 2482 1182 2532 dilatio
1219 2494 1434 2532 nostram
1465 2485 1650 2550 profec-

228 2560 409 2607 tionem
426 2560 686 2620 detineret;
718 2561 931 2608 modeste
955 2570 1115 2608 tamen
1138 2570 1186 2608 et
1213 2561 1393 2626 absque
1414 2563 1648 2627 importu-

228 2638 375 2686 nitate
400 2637 448 2685 id
476 2649 682 2703 agentes.
722 2642 780 2685 Et
809 2656 922 2686 cum
962 2639 1235 2704 frequenter
1271 2657 1432 2704 regem
1474 2641 1650 2687 intrare

229 2714 560 2779 hujuscemodi
604 2716 856 2763 consilium
898 2716 1194 2780 videremus,
1245 2734 1430 2782 nosque
1477 2718 1652 2782 pariter

232 2792 326 2839 illic
347 2792 490 2839 etiam
514 2791 681 2839 sedulo
701 2793 922 2839 interesse
947 2791 1144 2854 videret,
1168 2810 1385 2859 saepeque
1404 2794 1559 2858 ipsum
1572 2810 1651 2841 ro·
