2060 3392
661 286 809 326 LIBER
844 287 1044 325 PmUS.
1485 291 1560 328 32⁷

144 386 236 436 pro
255 368 351 421 fide
372 380 554 421 sacrata
574 371 694 420 nihil
714 372 845 421 aliud
864 374 1104 423 invenitur
1125 386 1272 439 quam
1292 375 1493 441 perfidia
1513 387 1560 426 et

143 446 478 507 inconstantia,
499 446 585 496 ubi
606 447 860 496 saevissimo
882 450 1078 498 inimico
1096 461 1283 499 tantum
1293 452 1403 501 hcet
1413 469 1561 540 quan·

143 532 249 575 tum
269 524 404 586 libet,
425 525 466 573 si
484 526 592 590 quis
609 525 655 573 ei
671 542 721 574 se
738 526 980 591 vitamque
997 544 1132 576 suam
1153 528 1423 590 crediderit,
1445 540 1494 578 et
1510 531 1560 579 in

143 600 287 663 illud,
310 602 445 667 quod
466 602 578 651 vel
565 602 792 667 insipiens
812 603 1014 667 quisque
1037 605 1289 670 providere
1318 616 1366 654 et
1396 623 1564 655 cavere

142 676 409 741 periculum
444 676 634 738 debuit,
673 687 964 742 spontaneus
993 695 1043 726 se
1076 681 1322 742 immittat,
1350 682 1563 746 profecto

68 754 73 759 ’
143 770 235 809 nee
254 755 396 805 venia
415 771 507 806 nec
529 755 831 804 miseratione
848 756 1021 819 dignus
1040 758 1231 806 exsistit.

206 833 304 887 Sed
323 850 424 884 non
451 834 622 895 modo,
647 834 718 881 uti
740 833 964 895 diximus,
989 845 1143 883 metus
1164 835 1440 900 hujusmodi
1460 836 1564 900 (qui

143 919 304 963 tamen
333 910 527 962 abunde
553 911 617 960 ad
650 912 748 960 hoc
777 911 1016 960 sufficiens
1038 929 1139 960 esse
1168 912 1354 981 debuit)
1378 930 1407 961 a
1433 930 1564 978 repe-

143 988 291 1041 tendo
311 990 534 1056 ,proprias
559 990 695 1038 sedes
723 1000 771 1038 et
792 989 856 1039 ab
877 990 1205 1039 incumbendo
1231 991 1399 1039 crediti
1423 991 1565 1039 nobis

143 1065 375 1121 dominici
406 1068 557 1132 gregis
589 1084 714 1115 curae
741 1083 799 1116 ac
832 1068 1050 1131 regimini
1074 1084 1164 1115 nos
1188 1068 1364 1129 tenuit,
1390 1068 1474 1115 sed
1496 1068 1565 1117 vis

143 1144 361 1209 pacina,
397 1146 478 1195 cui
515 1145 768 1211 praevalere
807 1145 942 1192 nullo
975 1145 1124 1194 modo
1163 1161 1439 1210 possumus3
1479 1162 1566 1210 per

145 1237 292 1286 quam
318 1239 418 1278 non
440 1223 591 1273 modo
619 1240 710 1272 nec
739 1224 877 1274 dictae
902 1223 1179 1272 incumbere
1199 1239 1342 1284 curae,
1367 1223 1450 1271 sed
1477 1240 1566 1271 nee

145 1299 387 1353 dioecesim
409 1301 612 1365 ingredi,
635 1318 724 1351 nec
741 1302 877 1366 regni
906 1302 1258 1367 portiunculam
1282 1317 1565 1365 quamcum-

144 1393 240 1442 que
257 1379 467 1429 incolere
489 1397 574 1428 seu
593 1379 809 1430 habitare
826 1380 1040 1445 permissi
1064 1396 1242 1430 sumus,

209 1457 424 1505 Tentnvit
458 1456 640 1521 aliquid
671 1473 809 1520 agere
844 1473 935 1522 pro
965 1455 1108 1504 nobis
1138 1466 1248 1504 ante
1278 1457 1563 1519 triennium,

142 1531 253 1584 lieet
278 1548 310 1583 a
333 1533 474 1585 nobis
500 1535 698 1585 minime
729 1534 1007 1598 requisituS,
1039 1544 1296 1596 generosus
1315 1543 1364 1581 et
1396 1545 1567 1599 potens

144 1607 397 1670 dominus,
428 1611 637 1660 domnus
663 1611 726 1659 de
753 1611 1007 1660 Castilione
1019 1613 1050 1672 ¹,
1087 1611 1229 1658 stater
1254 1611 1445 1659 illustris
1473 1629 1565 1660 co-

143 1689 345 1741 nitiade
360 1691 568 1751 Lavalle,
585 1691 712 1740 circa
731 1689 851 1738 illud
868 1689 1016 1737 ferme
1030 1699 1218 1754 tempus
1228 1706 1346 1754 qu0,
1361 1689 1567 1755 abrupto

145 1765 406 1815 arctissimo
438 1767 522 1815 illo
562 1768 737 1816 soedere
776 1766 911 1831 quod
947 1767 1070 1814 inter
1107 1782 1267 1829 regem
1298 1766 1569 1832 ducemque

148 1843 544 1906 Burgundionum
564 1845 696 1910 apud
721 1846 953 1893 Peronam
983 1860 1262 1909 percussum
1284 1843 1459 1904 fuerat,
1484 1862 1565 1894 rex

145 1920 391 1970 Ambianis
410 1932 458 1970 et
474 1922 1007 1980 Sanctum-Quintinum
1031 1921 1188 1968 eidem
1205 1921 1315 1968 duci
1333 1921 1562 1972 abstulit².

146 1997 241 2046 Sed
262 2014 363 2045 non
384 1996 515 2046 aliud
538 2016 628 2064 pro
648 1999 789 2048 nobis
810 1999 966 2064 potuit
986 1998 1204 2046 obtinere
1227 2014 1373 2062 quam
1390 1999 1567 2048 litteras

144 2074 390 2138 cujusdam
421 2076 699 2138 securitatiS,
734 2093 821 2141 per
851 2093 997 2141 quam
1029 2075 1306 2140 indulgebat
1329 2093 1411 2124 rex
1433 2078 1567 2141 quod

144 2167 308 2200 secure
321 2169 435 2199 cum
454 2152 631 2201 familia
646 2162 694 2200 et
708 2147 852 2200 bonis’
873 2169 1120 2218 possemus
1137 2154 1300 2200 venire
1318 2153 1380 2200 ad
1396 2153 1566 2200 urbem

147 2229 532 2278 Aurelianensem
553 2240 600 2277 et
624 2246 732 2278 eam
756 2232 948 2292 intrare,
973 2229 1164 2295 illicque
1192 2239 1313 2278 stare
1335 2241 1476 2295 atque
1498 2249 1568 2278 re-

146 2308 324 2357 morari
344 2306 525 2371 absque
545 2308 704 2371 aliqua
733 2307 845 2354 inde
868 2308 1140 2371 egrediendi
1164 2307 1399 2370 facultate,
1425 2319 1569 2373 atque

146 2384 209 2432 de
227 2386 383 2445 nobis,
399 2395 543 2452 prout
562 2384 652 2432 sibi
668 2384 853 2444 liberet,
879 2385 973 2432 illic
992 2401 1126 2433 suam
1141 2386 1350 2450 opperiri
1371 2385 1571 2451 disposi-

147 2460 330 2510 tionem
361 2473 407 2510 et
432 2463 747 2511 voluntatem.
778 2462 927 2526 ⁴Cujus
961 2463 1223 2511 securitatis
1245 2477 1357 2510 cum
1386 2463 1449 2511 ad
1481 2480 1570 2510 nos

202 2601 243 2641 1.
272 2600 390 2639 Louis
417 2599 467 2640 de
484 2587 700 2651 Cbatillon,
725 2602 847 2654 grand
869 2597 1006 2639 main-e
1030 2609 1070 2638 et
1098 2600 1353 2638 reformateur
1379 2599 1447 2638 des
1469 2612 1570 2638 eaux

148 2671 187 2700 et
205 2658 343 2709 soi-ets,
363 2663 464 2701 frere
482 2662 530 2702 de
552 2663 628 2703 Gui
640 2692 653 2711 ,
672 2672 799 2704 comte
818 2663 867 2702 de
885 2662 1003 2704 Laval
1020 2690 1032 2709 ,
1062 2664 1167 2700 xlv·
1185 2661 1238 2701 du
1257 2675 1349 2700 nom
1363 2689 1374 2710 ,
1400 2670 1439 2700 et
1468 2663 1569 2702 aussi

149 2723 321 2764 d’Andre
338 2723 387 2762 de
405 2724 547 2772 Lam-11,
571 2725 645 2763 sire
660 2725 709 2763 de
726 2725 879 2763 Loheac
892 2754 903 2772 ,
925 2725 992 2775 qui
1014 2723 1073 2762 fut
1093 2724 1286 2762 marecha}
1311 2723 1360 2762 de
1378 2725 1538 2763 france.

203 2789 243 2826 2.
274 2791 335 2826 Au
351 2796 683 2827 commencement
700 2787 751 2825 de
767 2786 845 2825 l’an
865 2789 987 2828 1471.
1007 2789 1105 2836 Voy.
1127 2795 1155 2825 t.
1178 2788 1232 2833 11,
1252 2800 1292 2836 p.
1315 2788 1407 2824 2⁴27.
