2060 3392
663 266 808 303 LIBER
843 265 1041 304 SEXTUS.
1506 265 1557 301 95

149 354 514 420 redinoeffianda
558 354 692 402 nullo
733 362 874 419 pacto
918 351 1218 418 patiebantur
1253 352 1418 400 audire
1434 390 1447 414 ,
1473 354 1558 418 qui

149 433 474 497 magistratum
514 442 628 481 tunc
672 432 722 479 in
760 431 947 479 civitate
982 429 1221 494 gerebant.
1265 432 1320 477 Et
1362 430 1557 495 quidem

148 508 304 559 bonas
323 518 373 558 et
390 525 547 574 aequas
587 509 716 575 pacis
749 507 1066 569 conditiones,
1100 506 1446 572 comprehenso
1470 525 1558 556 suo

149 587 403 655 pontifice,
424 597 739 652 manenteque
754 623 768 648 ‚
806 587 877 634 uti
893 586 1013 650 juris
1031 596 1156 647 erat,
1185 586 1381 651 praesule
1401 597 1448 634 et
1471 587 1558 635 do·

149 665 285 717 mino
306 665 526 726 civitatis,
550 666 587 713 si
613 681 720 713 eam
741 664 962 730 amplecti
992 673 1257 723 curassent,
1279 663 1413 712 facile
1432 665 1559 713 inve·

150 741 372 805 aiebant,
395 743 508 791 etin
524 758 610 790 sua
625 751 846 808 poterant
867 741 1092 789 mansisse
1113 739 1328 790 libertate
1354 751 1403 789 et
1421 758 1554 807 pace.

148 820 244 869 Sed
274 830 375 870 tam
406 821 500 869 alte
540 821 760 884 iniquum
790 819 840 866 in
875 835 1016 867 suum
1054 828 1294 884 pastorem
1324 819 1559 885 optimum

149 899 316 949 odium
334 901 387 948 in
406 898 647 948 mentibus
662 908 912 947 auctorum
925 897 1196 946 rebellionis
1217 898 1399 946 radices
1419 900 1560 947 mise·

148 986 239 1040 rat,
284 977 440 1043 deque
479 993 530 1026 se
559 993 747 1043 semper
785 992 904 1024 saeva
943 992 1234 1042 praesumens
1271 977 1561 1026 conscientia

147 1054 256 1104 bea
291 1055 344 1103 in
378 1065 512 1105 tanta
551 1054 815 1103 diffidentia
846 1063 895 1101 ct
935 1053 1263 1119 desperatione
1300 1054 1476 1116 veniae,
1514 1065 1562 1102 et

149 1130 382 1182 (inuitatis
414 1134 835 1199 qualiumcumque
870 1132 938 1179 eis
970 1130 1235 1179 fiendarum
1257 1132 1562 1198 pollicitatio-

149 1224 295 1268 num,
330 1210 517 1258 animos
552 1227 721 1258 eorum
754 1209 1088 1267 constituerat,
1115 1218 1168 1255 ut
1200 1224 1397 1257 omnem
1431 1210 1561 1275 pacis

150 1284 362 1336 oblatam
383 1304 468 1336 seu
507 1287 800 1336 offerendam
827 1286 1172 1348 conditionem,
1195 1303 1283 1352 per
1298 1303 1445 1351 quam
1469 1287 1560 1335 sub

150 1378 349 1412 manum
379 1381 437 1413 ac
467 1375 749 1432 potestatem
770 1364 955 1412 domini
986 1374 1035 1412 et
1071 1363 1271 1429 pastoris
1292 1365 1366 1412 sui
1386 1365 1563 1413 recide-

149 1451 284 1502 rent,
311 1443 628 1508 respuendam
647 1443 1016 1509 pertinacissime
1038 1441 1365 1490 observassent
1379 1446 1407 1489 ¹.
1428 1446 1562 1491 Fere-

148 1516 291 1566 batur
311 1519 559 1586 praefatum
575 1521 828 1568 dominum
849 1519 911 1568 de
938 1520 1209 1567 Monteforti
1230 1520 1562 1584 hujuscemodi

149 1596 416 1645 evomuisse
439 1613 734 1655 sermonem,
758 1596 892 1662 quod
919 1597 1080 1645 mallet
1097 1598 1256 1662 potius
1276 1598 1436 1646 videre
1455 1601 1563 1647 Tra-

143 1677 325 1739 jectmn
343 1674 603 1723 deductum
620 1675 683 1724 ad
701 1685 911 1724 aratrum
928 1685 1178 1740 totumque
1198 1676 1395 1741 rapinis¹
1412 1677 1564 1724 viren-

149 1748 277 1798 tibus
295 1752 452 1799 solum
474 1753 621 1818 ipsius
660 1754 876 1812 civitatis,
930 1753 969 1800 si
1003 1752 1093 1800 sub
1132 1752 1454 1802 obedientiam
1489 1755 1563 1802 sui

149 1828 388 1893 pontificis
424 1831 587 1879 referri
607 1831 829 1891 deberet;
853 1830 1081 1894 quodque
1107 1832 1264 1896 potius
1288 1833 1449 1880 omnia
1487 1850 1565 1880 ex-

151 1914 301 1955 trema
325 1907 476 1970 famis,
497 1910 657 1974 pestis,
683 1919 1052 1973 caeterarumque
1078 1908 1287 1957 cladium
1307 1919 1354 1958 et
1373 1911 1565 1958 calami-

151 1991 303 2031 tatum
326 1985 426 2050 ipse
442 1987 610 2051 suique
631 1987 783 2051 iniqui
804 1986 1026 2047 fautores,
1066 1987 1210 2035 etlam
1246 1987 1309 2036 ad
1345 1989 1562 2037 omnium

153 2077 303 2126 usque
346 2063 522 2110 civium
543 2064 942 2126 internecionem,
983 2063 1207 2112 libentius
1241 2076 1563 2131 exspectarent

151 2152 208 2185 ac
223 2137 462 2202 viderent,
496 2157 652 2205 quam
684 2140 817 2205 quod
831 2140 1122 2189 incolumem
1138 2142 1374 2191 civitatem
1395 2143 1458 2191 ad
1479 2160 1563 2209 pa-

150 2215 354 2264 rendum
385 2217 515 2266 dicto
549 2236 638 2267 suo
669 2218 884 2284 pontifici
920 2228 968 2266 et
988 2218 1208 2282 domino,
1249 2237 1305 2269 ac
1325 2221 1563 2287 pacificari

151 2294 488 2343 consentirent.

216 2369 292 2418 Sic
313 2382 413 2420 erat
433 2373 604 2422 misera
625 2374 788 2422 civitas
827 2372 915 2421 sub
950 2374 1313 2423 saevissimorum
1334 2385 1562 2440 tyranno·

154 2462 261 2495 rum
292 2459 572 2514 potestatem
604 2450 816 2512 redacta,
854 2467 943 2498 nec
978 2451 1028 2498 in
1068 2453 1359 2501 contrarium
1397 2453 1563 2518 (quan-

205 2586 224 2623 ¹
234 2614 244 2623 .
274 2586 410 2626 Matth.
432 2586 683 2628 Observarint.

206 2650 246 2688 2.
279 2651 432 2701 campis
449 2650 543 2689 dans
560 2650 772 2702 Matthaeus,
786 2651 852 2703 qui
869 2664 892 2690 a
910 2660 993 2690 tout
1009 2650 1235 2690 bouleversi:
1253 2653 1290 2691 la
1307 2652 1446 2705 phrase
1463 2665 1562 2704 pour

157 2709 193 2748 la
212 2711 394 2764 corriger.
415 2714 476 2751 On
502 2726 543 2751 se
568 2713 743 2754 tiendrait
765 2706 855 2765 *plus
880 2714 968 2766 pres
995 2714 1048 2753 du
1067 2723 1169 2753 texte
1189 2728 1236 2754 en
1264 2714 1492 2754 substituant
1523 2719 1561 2751 in

149 2782 266 2825 prata
284 2778 441 2813 virentia
457 2789 662 2813 conversum
681 2778 702 2814 a
720 2777 867 2826 rapinis
884 2776 1095 2815 virentibus.
