<?xml version="1.0" encoding="UTF-8"?>
<!DOCTYPE html PUBLIC "-//W3C//DTD XHTML 1.0 Transitional//EN"
    "http://www.w3.org/TR/xhtml1/DTD/xhtml1-transitional.dtd">
<html xmlns="http://www.w3.org/1999/xhtml" xml:lang="en" lang="en">
 <head>
  <title>
</title>
<meta http-equiv="Content-Type" content="text/html;charset=utf-8" />
  <meta name='ocr-system' content='tesseract 3.04.00' />
  <meta name='ocr-capabilities' content='ocr_page ocr_carea ocr_par ocr_line ocrx_word'/>
</head>
<body>
  <div class='ocr_page' id='page_1' title='image "./histoiredesrgn03basiuoft_0205.png"; bbox 0 0 2060 3392; ppageno 0'>
   <div class='ocr_carea' id='block_1_1' title="bbox 705 290 1624 335">
    <p class='ocr_par' dir='ltr' id='par_1_1' title="bbox 705 290 1624 335">
     <span class='ocr_line' id='line_1_1' title="bbox 705 290 1624 335; baseline -0.003 0"><span class='ocrx_word' id='word_1_1' title='bbox 705 291 854 335; x_wconf 70' lang='lat' dir='ltr'>Lmta</span> <span class='ocrx_word' id='word_1_2' title='bbox 878 290 1131 334; x_wconf 68' lang='lat' dir='ltr'>snmus.</span> <span class='ocrx_word' id='word_1_3' title='bbox 1545 295 1624 333; x_wconf 71' lang='lat'>13³</span> 
     </span>
    </p>
   </div>
   <div class='ocr_carea' id='block_1_2' title="bbox 155 382 1655 2856">
    <p class='ocr_par' dir='ltr' id='par_1_2' title="bbox 205 382 1627 530">
     <span class='ocr_line' id='line_1_2' title="bbox 205 382 1627 450; baseline -0.007 -11"><span class='ocrx_word' id='word_1_4' title='bbox 205 401 321 450; x_wconf 81' lang='lat' dir='ltr'>tem,</span> <span class='ocrx_word' id='word_1_5' title='bbox 337 404 437 436; x_wconf 90' lang='lat' dir='ltr'>non</span> <span class='ocrx_word' id='word_1_6' title='bbox 460 385 594 435; x_wconf 89' lang='lat' dir='ltr'>aliter</span> <span class='ocrx_word' id='word_1_7' title='bbox 615 400 760 450; x_wconf 89' lang='lat' dir='ltr'>quam</span> <span class='ocrx_word' id='word_1_8' title='bbox 780 382 949 450; x_wconf 81' lang='lat' dir='ltr'>praedae</span> <span class='ocrx_word' id='word_1_9' title='bbox 967 382 1057 430; x_wconf 91' lang='lat' dir='ltr'>sibi</span> <span class='ocrx_word' id='word_1_10' title='bbox 1079 382 1341 448; x_wconf 82' lang='lat' dir='ltr'><strong>expositam</strong></span> <span class='ocrx_word' id='word_1_11' title='bbox 1363 389 1505 446; x_wconf 88' lang='lat' dir='ltr'>atque</span> <span class='ocrx_word' id='word_1_12' title='bbox 1523 398 1627 448; x_wconf 86' lang='lat' dir='ltr'>per-</span> 
     </span>
     <span class='ocr_line' id='line_1_3' title="bbox 207 467 760 530; baseline -0.013 -14"><span class='ocrx_word' id='word_1_13' title='bbox 207 467 427 525; x_wconf 81' lang='lat' dir='ltr'><strong>missam,</strong></span> <span class='ocrx_word' id='word_1_14' title='bbox 450 470 760 530; x_wconf 84' lang='lat' dir='ltr'>reputassent.</span> 
     </span>
    </p>

    <p class='ocr_par' dir='ltr' id='par_1_3' title="bbox 155 537 1655 2083">
     <span class='ocr_line' id='line_1_4' title="bbox 273 537 1627 608; baseline -0.007 -15"><span class='ocrx_word' id='word_1_15' title='bbox 273 545 472 592; x_wconf 82' lang='lat' dir='ltr'>Eramus</span> <span class='ocrx_word' id='word_1_16' title='bbox 505 541 595 608; x_wconf 87' lang='lat' dir='ltr'>ipsi</span> <span class='ocrx_word' id='word_1_17' title='bbox 621 549 738 587; x_wconf 92' lang='lat' dir='ltr'>tunc</span> <span class='ocrx_word' id='word_1_18' title='bbox 770 539 822 586; x_wconf 89' lang='lat' dir='ltr'>in</span> <span class='ocrx_word' id='word_1_19' title='bbox 853 538 1063 598; x_wconf 89' lang='lat' dir='ltr'>civitate,</span> <span class='ocrx_word' id='word_1_20' title='bbox 1092 553 1190 585; x_wconf 90' lang='lat' dir='ltr'>non</span> <span class='ocrx_word' id='word_1_21' title='bbox 1224 537 1329 585; x_wconf 84' lang='lat' dir='ltr'>sine</span> <span class='ocrx_word' id='word_1_22' title='bbox 1355 546 1503 585; x_wconf 89' lang='lat' dir='ltr'>metu.</span> <span class='ocrx_word' id='word_1_23' title='bbox 1532 538 1627 595; x_wconf 88' lang='lat' dir='ltr'>Qui</span> 
     </span>
     <span class='ocr_line' id='line_1_5' title="bbox 208 615 1627 682; baseline -0.007 -10"><span class='ocrx_word' id='word_1_24' title='bbox 208 638 320 671; x_wconf 89' lang='lat' dir='ltr'>cum</span> <span class='ocrx_word' id='word_1_25' title='bbox 342 631 442 670; x_wconf 87' lang='lat' dir='ltr'>tam</span> <span class='ocrx_word' id='word_1_26' title='bbox 460 629 671 668; x_wconf 84' lang='lat' dir='ltr'>atrocem</span> <span class='ocrx_word' id='word_1_27' title='bbox 689 627 736 665; x_wconf 86' lang='lat' dir='ltr'>et</span> <span class='ocrx_word' id='word_1_28' title='bbox 750 616 1067 682; x_wconf 83' lang='lat' dir='ltr'>periculosam</span> <span class='ocrx_word' id='word_1_29' title='bbox 1089 615 1287 663; x_wconf 83' lang='lat' dir='ltr'>civitatis</span> <span class='ocrx_word' id='word_1_30' title='bbox 1308 615 1627 680; x_wconf 87' lang='lat' dir='ltr'>captivitatem</span> 
     </span>
     <span class='ocr_line' id='line_1_6' title="bbox 210 684 1655 761; baseline -0.006 -13"><span class='ocrx_word' id='word_1_31' title='bbox 210 709 308 748; x_wconf 83' lang='lat' dir='ltr'>tam</span> <span class='ocrx_word' id='word_1_32' title='bbox 333 697 607 758; x_wconf 82' lang='lat' dir='ltr'><strong>humaniter</strong></span> <span class='ocrx_word' id='word_1_33' title='bbox 626 694 887 761; x_wconf 86' lang='lat' dir='ltr'>procedere</span> <span class='ocrx_word' id='word_1_34' title='bbox 909 693 1249 759; x_wconf 88' lang='lat' dir='ltr'>inspiceremus</span> <span class='ocrx_word' id='word_1_35' title='bbox 1271 702 1320 740; x_wconf 90' lang='lat' dir='ltr'>et</span> <span class='ocrx_word' id='word_1_36' title='bbox 1338 692 1625 755; x_wconf 87' lang='lat' dir='ltr'>videremus,</span> <span class='ocrx_word' id='word_1_37' title='bbox 1650 684 1655 688; x_wconf 60' lang='grc'><strong>’</strong></span> 
     </span>
     <span class='ocr_line' id='line_1_7' title="bbox 213 770 1630 842; baseline -0.006 -16"><span class='ocrx_word' id='word_1_38' title='bbox 213 792 411 842; x_wconf 83' lang='lat' dir='ltr'>magnas</span> <span class='ocrx_word' id='word_1_39' title='bbox 452 774 709 839; x_wconf 86' lang='lat' dir='ltr'>gratiarum</span> <span class='ocrx_word' id='word_1_40' title='bbox 754 772 965 821; x_wconf 88' lang='lat' dir='ltr'>actiones</span> <span class='ocrx_word' id='word_1_41' title='bbox 1006 771 1219 818; x_wconf 89' lang='lat' dir='ltr'>Domino</span> <span class='ocrx_word' id='word_1_42' title='bbox 1269 770 1630 818; x_wconf 85' lang='lat' dir='ltr'>exsolvebamus</span> 
     </span>
     <span class='ocr_line' id='line_1_8' title="bbox 209 848 1630 923; baseline -0.004 -21"><span class='ocrx_word' id='word_1_43' title='bbox 209 853 342 923; x_wconf 90' lang='lat' dir='ltr'>quod</span> <span class='ocrx_word' id='word_1_44' title='bbox 370 862 472 902; x_wconf 90' lang='lat' dir='ltr'>tam</span> <span class='ocrx_word' id='word_1_45' title='bbox 494 852 751 900; x_wconf 88' lang='lat' dir='ltr'>clementer</span> <span class='ocrx_word' id='word_1_46' title='bbox 775 865 851 898; x_wconf 87' lang='lat' dir='ltr'>res</span> <span class='ocrx_word' id='word_1_47' title='bbox 871 860 970 897; x_wconf 90' lang='lat' dir='ltr'>tarn</span> <span class='ocrx_word' id='word_1_48' title='bbox 1001 864 1124 896; x_wconf 82' lang='lat' dir='ltr'>soeva</span> <span class='ocrx_word' id='word_1_49' title='bbox 1151 858 1292 912; x_wconf 87' lang='lat' dir='ltr'>atque</span> <span class='ocrx_word' id='word_1_50' title='bbox 1317 848 1630 897; x_wconf 85' lang='lat' dir='ltr'>formidabilis</span> 
     </span>
     <span class='ocr_line' id='line_1_9' title="bbox 208 927 1631 981; baseline -0.004 0"><span class='ocrx_word' id='word_1_51' title='bbox 208 932 277 981; x_wconf 86' lang='lat' dir='ltr'>sic</span> <span class='ocrx_word' id='word_1_52' title='bbox 298 932 579 980; x_wconf 87' lang='lat' dir='ltr'>mitesceret.</span> <span class='ocrx_word' id='word_1_53' title='bbox 599 931 764 978; x_wconf 79' lang='lat' dir='ltr'>Statim</span> <span class='ocrx_word' id='word_1_54' title='bbox 778 930 908 977; x_wconf 88' lang='lat' dir='ltr'>enim</span> <span class='ocrx_word' id='word_1_55' title='bbox 923 938 1025 976; x_wconf 86' lang='lat' dir='ltr'>erat</span> <span class='ocrx_word' id='word_1_56' title='bbox 1041 927 1202 976; x_wconf 87' lang='lat' dir='ltr'>videre</span> <span class='ocrx_word' id='word_1_57' title='bbox 1223 927 1350 975; x_wconf 88' lang='lat' dir='ltr'>cives</span> <span class='ocrx_word' id='word_1_58' title='bbox 1362 943 1463 975; x_wconf 90' lang='lat' dir='ltr'>non</span> <span class='ocrx_word' id='word_1_59' title='bbox 1481 928 1631 976; x_wconf 90' lang='lat' dir='ltr'>modo</span> 
     </span>
     <span class='ocr_line' id='line_1_10' title="bbox 211 1006 1632 1073; baseline -0.003 -15"><span class='ocrx_word' id='word_1_60' title='bbox 211 1010 262 1058; x_wconf 91' lang='lat' dir='ltr'>in</span> <span class='ocrx_word' id='word_1_61' title='bbox 283 1009 380 1058; x_wconf 85' lang='lat' dir='ltr'>suis</span> <span class='ocrx_word' id='word_1_62' title='bbox 407 1007 634 1057; x_wconf 88' lang='lat' dir='ltr'>domibus</span> <span class='ocrx_word' id='word_1_63' title='bbox 650 1046 663 1070; x_wconf 89' lang='lat'>‚</span> <span class='ocrx_word' id='word_1_64' title='bbox 688 1006 773 1055; x_wconf 90' lang='lat' dir='ltr'>sed</span> <span class='ocrx_word' id='word_1_65' title='bbox 797 1016 843 1055; x_wconf 88' lang='lat' dir='ltr'>et</span> <span class='ocrx_word' id='word_1_66' title='bbox 864 1022 952 1073; x_wconf 90' lang='lat' dir='ltr'>per</span> <span class='ocrx_word' id='word_1_67' title='bbox 973 1006 1133 1054; x_wconf 82' lang='lat' dir='ltr'>sorum</span> <span class='ocrx_word' id='word_1_68' title='bbox 1154 1015 1201 1053; x_wconf 90' lang='lat' dir='ltr'>et</span> <span class='ocrx_word' id='word_1_69' title='bbox 1220 1021 1307 1071; x_wconf 91' lang='lat' dir='ltr'>per</span> <span class='ocrx_word' id='word_1_70' title='bbox 1328 1006 1510 1071; x_wconf 86' lang='lat' dir='ltr'>plateas</span> <span class='ocrx_word' id='word_1_71' title='bbox 1531 1023 1632 1054; x_wconf 90' lang='lat' dir='ltr'>am-</span> 
     </span>
     <span class='ocr_line' id='line_1_11' title="bbox 155 1079 1632 1154; baseline -0.003 -19"><span class='ocrx_word' id='word_1_72' title='bbox 155 1150 161 1154; x_wconf 28' lang='lat'><strong>·</strong></span> <span class='ocrx_word' id='word_1_73' title='bbox 209 1086 375 1135; x_wconf 89' lang='lat' dir='ltr'>bulare</span> <span class='ocrx_word' id='word_1_74' title='bbox 399 1096 542 1152; x_wconf 88' lang='lat' dir='ltr'>atque</span> <span class='ocrx_word' id='word_1_75' title='bbox 565 1079 674 1134; x_wconf 78' lang='lat' dir='ltr'>suas</span> <span class='ocrx_word' id='word_1_76' title='bbox 698 1085 995 1133; x_wconf 87' lang='lat' dir='ltr'>necessitates</span> <span class='ocrx_word' id='word_1_77' title='bbox 1017 1099 1300 1149; x_wconf 86' lang='lat' dir='ltr'>procurare,</span> <span class='ocrx_word' id='word_1_78' title='bbox 1332 1099 1482 1148; x_wconf 87' lang='lat' dir='ltr'>parvo</span> <span class='ocrx_word' id='word_1_79' title='bbox 1502 1083 1632 1131; x_wconf 92' lang='lat' dir='ltr'>lineo</span> 
     </span>
     <span class='ocr_line' id='line_1_12' title="bbox 209 1161 1634 1230; baseline -0.004 -18"><span class='ocrx_word' id='word_1_80' title='bbox 209 1163 470 1230; x_wconf 85' lang='lat' dir='ltr'>panniculo</span> <span class='ocrx_word' id='word_1_81' title='bbox 484 1162 672 1212; x_wconf 88' lang='lat' dir='ltr'>tantum</span> <span class='ocrx_word' id='word_1_82' title='bbox 693 1163 820 1211; x_wconf 89' lang='lat' dir='ltr'>circa</span> <span class='ocrx_word' id='word_1_83' title='bbox 831 1161 1085 1210; x_wconf 87' lang='lat' dir='ltr'>brachium</span> <span class='ocrx_word' id='word_1_84' title='bbox 1100 1161 1462 1208; x_wconf 85' lang='lat' dir='ltr'>circumvoluto.</span> <span class='ocrx_word' id='word_1_85' title='bbox 1489 1161 1634 1219; x_wconf 84' lang='lat' dir='ltr'>Quod</span> 
     </span>
     <span class='ocr_line' id='line_1_13' title="bbox 211 1238 1636 1305; baseline -0.002 -17"><span class='ocrx_word' id='word_1_86' title='bbox 211 1240 400 1305; x_wconf 85' lang='lat' dir='ltr'>signum</span> <span class='ocrx_word' id='word_1_87' title='bbox 438 1257 528 1288; x_wconf 92' lang='lat' dir='ltr'>nec</span> <span class='ocrx_word' id='word_1_88' title='bbox 561 1256 714 1305; x_wconf 90' lang='lat' dir='ltr'>usque</span> <span class='ocrx_word' id='word_1_89' title='bbox 751 1239 814 1288; x_wconf 90' lang='lat' dir='ltr'>ad</span> <span class='ocrx_word' id='word_1_90' title='bbox 844 1249 1035 1287; x_wconf 86' lang='lat' dir='ltr'>noctem</span> <span class='ocrx_word' id='word_1_91' title='bbox 1065 1238 1358 1304; x_wconf 87' lang='lat' dir='ltr'>portandum</span> <span class='ocrx_word' id='word_1_92' title='bbox 1393 1238 1504 1297; x_wconf 79' lang='lat' dir='ltr'>fuit3</span> <span class='ocrx_word' id='word_1_93' title='bbox 1536 1238 1636 1286; x_wconf 67' lang='lat' dir='ltr'>fiae·</span> 
     </span>
     <span class='ocr_line' id='line_1_14' title="bbox 213 1315 1629 1383; baseline -0.004 -15"><span class='ocrx_word' id='word_1_94' title='bbox 213 1329 327 1368; x_wconf 83' lang='lat' dir='ltr'>runt</span> <span class='ocrx_word' id='word_1_95' title='bbox 358 1319 489 1367; x_wconf 91' lang='lat' dir='ltr'>enim</span> <span class='ocrx_word' id='word_1_96' title='bbox 531 1319 688 1367; x_wconf 91' lang='lat' dir='ltr'>statim</span> <span class='ocrx_word' id='word_1_97' title='bbox 729 1327 776 1365; x_wconf 91' lang='lat' dir='ltr'>et</span> <span class='ocrx_word' id='word_1_98' title='bbox 813 1318 990 1383; x_wconf 83' lang='lat' dir='ltr'>rapinae</span> <span class='ocrx_word' id='word_1_99' title='bbox 1033 1327 1081 1364; x_wconf 90' lang='lat' dir='ltr'>et</span> <span class='ocrx_word' id='word_1_100' title='bbox 1117 1317 1353 1364; x_wconf 82' lang='lat' dir='ltr'>violentiae</span> <span class='ocrx_word' id='word_1_101' title='bbox 1392 1315 1629 1364; x_wconf 86' lang='lat' dir='ltr'>cohibitae.</span> 
     </span>
     <span class='ocr_line' id='line_1_15' title="bbox 213 1394 1635 1462; baseline -0.004 -15"><span class='ocrx_word' id='word_1_102' title='bbox 213 1401 553 1447; x_wconf 86' lang='lat' dir='ltr'>Verumtamen</span> <span class='ocrx_word' id='word_1_103' title='bbox 586 1396 650 1445; x_wconf 93' lang='lat' dir='ltr'>ad</span> <span class='ocrx_word' id='word_1_104' title='bbox 673 1406 890 1462; x_wconf 87' lang='lat' dir='ltr'>sumptus</span> <span class='ocrx_word' id='word_1_105' title='bbox 919 1396 1008 1461; x_wconf 91' lang='lat' dir='ltr'>ipsi</span> <span class='ocrx_word' id='word_1_106' title='bbox 1045 1394 1302 1443; x_wconf 89' lang='lat' dir='ltr'>domicello</span> <span class='ocrx_word' id='word_1_107' title='bbox 1337 1404 1384 1442; x_wconf 90' lang='lat' dir='ltr'>et</span> <span class='ocrx_word' id='word_1_108' title='bbox 1423 1395 1519 1442; x_wconf 86' lang='lat' dir='ltr'>suis</span> <span class='ocrx_word' id='word_1_109' title='bbox 1549 1410 1635 1443; x_wconf 90' lang='lat' dir='ltr'>ne·</span> 
     </span>
     <span class='ocr_line' id='line_1_16' title="bbox 213 1471 1635 1541; baseline -0.004 -16"><span class='ocrx_word' id='word_1_110' title='bbox 213 1475 440 1525; x_wconf 74' lang='lat' dir='ltr'>oessarios</span> <span class='ocrx_word' id='word_1_111' title='bbox 464 1475 704 1540; x_wconf 66' lang='lat' dir='ltr'>exquisitae</span> <span class='ocrx_word' id='word_1_112' title='bbox 726 1485 837 1522; x_wconf 90' lang='lat' dir='ltr'>sunt</span> <span class='ocrx_word' id='word_1_113' title='bbox 859 1474 1074 1541; x_wconf 85' lang='lat' dir='ltr'>pecuniae</span> <span class='ocrx_word' id='word_1_114' title='bbox 1094 1483 1199 1521; x_wconf 89' lang='lat' dir='ltr'>tum</span> <span class='ocrx_word' id='word_1_115' title='bbox 1228 1471 1290 1522; x_wconf 89' lang='lat' dir='ltr'>ab</span> <span class='ocrx_word' id='word_1_116' title='bbox 1316 1473 1392 1520; x_wconf 85' lang='lat' dir='ltr'>his</span> <span class='ocrx_word' id='word_1_117' title='bbox 1426 1474 1510 1537; x_wconf 88' lang='lat' dir='ltr'>qui</span> <span class='ocrx_word' id='word_1_118' title='bbox 1533 1489 1635 1521; x_wconf 90' lang='lat' dir='ltr'>rem</span> 
     </span>
     <span class='ocr_line' id='line_1_17' title="bbox 214 1550 1636 1622; baseline -0.004 -20"><span class='ocrx_word' id='word_1_119' title='bbox 214 1553 423 1622; x_wconf 82' lang='lat' dir='ltr'>aliquam</span> <span class='ocrx_word' id='word_1_120' title='bbox 458 1551 637 1601; x_wconf 87' lang='lat' dir='ltr'>babere</span> <span class='ocrx_word' id='word_1_121' title='bbox 675 1551 985 1618; x_wconf 87' lang='lat' dir='ltr'>putabantur,</span> <span class='ocrx_word' id='word_1_122' title='bbox 1021 1561 1124 1599; x_wconf 91' lang='lat' dir='ltr'>tum</span> <span class='ocrx_word' id='word_1_123' title='bbox 1160 1567 1190 1599; x_wconf 91' lang='lat' dir='ltr'>a</span> <span class='ocrx_word' id='word_1_124' title='bbox 1222 1550 1511 1615; x_wconf 88' lang='lat' dir='ltr'>quibusdam</span> <span class='ocrx_word' id='word_1_125' title='bbox 1547 1567 1636 1616; x_wconf 91' lang='lat' dir='ltr'>pro</span> 
     </span>
     <span class='ocr_line' id='line_1_18' title="bbox 215 1628 1638 1700; baseline -0.003 -21"><span class='ocrx_word' id='word_1_126' title='bbox 215 1641 302 1679; x_wconf 85' lang='lat' dir='ltr'>sua</span> <span class='ocrx_word' id='word_1_127' title='bbox 321 1628 650 1700; x_wconf 89' lang='lat' dir='ltr'>redemptione</span> <span class='ocrx_word' id='word_1_128' title='bbox 672 1629 747 1678; x_wconf 87' lang='lat' dir='ltr'>vel</span> <span class='ocrx_word' id='word_1_129' title='bbox 764 1628 1023 1678; x_wconf 89' lang='lat' dir='ltr'>domorum</span> <span class='ocrx_word' id='word_1_130' title='bbox 1042 1644 1236 1677; x_wconf 88' lang='lat' dir='ltr'>suarum</span> <span class='ocrx_word' id='word_1_131' title='bbox 1251 1666 1265 1691; x_wconf 89' lang='lat'>,</span> <span class='ocrx_word' id='word_1_132' title='bbox 1286 1644 1349 1676; x_wconf 89' lang='lat' dir='ltr'>ne</span> <span class='ocrx_word' id='word_1_133' title='bbox 1364 1629 1535 1694; x_wconf 85' lang='lat' dir='ltr'>praedae</span> <span class='ocrx_word' id='word_1_134' title='bbox 1555 1646 1638 1676; x_wconf 87' lang='lat' dir='ltr'>ex-</span> 
     </span>
     <span class='ocr_line' id='line_1_19' title="bbox 217 1705 1638 1773; baseline -0.001 -17"><span class='ocrx_word' id='word_1_135' title='bbox 217 1717 532 1773; x_wconf 81' lang='lat' dir='ltr'>ponerentur3</span> <span class='ocrx_word' id='word_1_136' title='bbox 555 1707 616 1757; x_wconf 91' lang='lat' dir='ltr'>ab</span> <span class='ocrx_word' id='word_1_137' title='bbox 634 1705 736 1756; x_wconf 90' lang='lat' dir='ltr'>aliis</span> <span class='ocrx_word' id='word_1_138' title='bbox 746 1723 862 1756; x_wconf 89' lang='lat' dir='ltr'>vero</span> <span class='ocrx_word' id='word_1_139' title='bbox 875 1708 1017 1758; x_wconf 88' lang='lat' dir='ltr'>etiam</span> <span class='ocrx_word' id='word_1_140' title='bbox 1032 1707 1230 1755; x_wconf 91' lang='lat' dir='ltr'>nomine</span> <span class='ocrx_word' id='word_1_141' title='bbox 1245 1706 1445 1754; x_wconf 88' lang='lat' dir='ltr'>civitatis</span> <span class='ocrx_word' id='word_1_142' title='bbox 1462 1716 1638 1754; x_wconf 89' lang='lat' dir='ltr'>mutuae</span> 
     </span>
     <span class='ocr_line' id='line_1_20' title="bbox 219 1782 1639 1852; baseline 0 -20"><span class='ocrx_word' id='word_1_143' title='bbox 219 1795 421 1851; x_wconf 68' lang='lat' dir='ltr'>acceptae</span> <span class='ocrx_word' id='word_1_144' title='bbox 454 1796 564 1833; x_wconf 87' lang='lat' dir='ltr'>sunt</span> <span class='ocrx_word' id='word_1_145' title='bbox 592 1786 805 1852; x_wconf 89' lang='lat' dir='ltr'>pecuniae</span> <span class='ocrx_word' id='word_1_146' title='bbox 819 1822 832 1845; x_wconf 94' lang='lat'><em>,</em></span> <span class='ocrx_word' id='word_1_147' title='bbox 874 1785 1093 1833; x_wconf 88' lang='lat' dir='ltr'>cautione</span> <span class='ocrx_word' id='word_1_148' title='bbox 1123 1785 1190 1832; x_wconf 91' lang='lat' dir='ltr'>eis</span> <span class='ocrx_word' id='word_1_149' title='bbox 1229 1783 1352 1830; x_wconf 85' lang='lat' dir='ltr'>facta</span> <span class='ocrx_word' id='word_1_150' title='bbox 1382 1783 1442 1830; x_wconf 92' lang='lat' dir='ltr'>de</span> <span class='ocrx_word' id='word_1_151' title='bbox 1479 1782 1639 1832; x_wconf 89' lang='lat' dir='ltr'>fienda</span> 
     </span>
     <span class='ocr_line' id='line_1_21' title="bbox 219 1860 1639 1924; baseline -0.001 -14"><span class='ocrx_word' id='word_1_152' title='bbox 219 1862 531 1910; x_wconf 85' lang='lat' dir='ltr'>restitutione.</span> <span class='ocrx_word' id='word_1_153' title='bbox 572 1862 964 1911; x_wconf 79' lang='lat' dir='ltr'>satisfaciendum</span> <span class='ocrx_word' id='word_1_154' title='bbox 995 1861 1124 1909; x_wconf 82' lang='lat' dir='ltr'>enim</span> <span class='ocrx_word' id='word_1_155' title='bbox 1158 1869 1419 1924; x_wconf 89' lang='lat' dir='ltr'>utcumque</span> <span class='ocrx_word' id='word_1_156' title='bbox 1451 1870 1552 1907; x_wconf 87' lang='lat' dir='ltr'>erat</span> <span class='ocrx_word' id='word_1_157' title='bbox 1578 1860 1639 1908; x_wconf 92' lang='lat' dir='ltr'>de</span> 
     </span>
     <span class='ocr_line' id='line_1_22' title="bbox 220 1936 1640 2004; baseline -0.001 -18"><span class='ocrx_word' id='word_1_158' title='bbox 220 1938 458 2004; x_wconf 84' lang='lat' dir='ltr'>stipendio</span> <span class='ocrx_word' id='word_1_159' title='bbox 474 1938 701 1988; x_wconf 88' lang='lat' dir='ltr'>militibus</span> <span class='ocrx_word' id='word_1_160' title='bbox 717 1955 801 1987; x_wconf 91' lang='lat' dir='ltr'>seu</span> <span class='ocrx_word' id='word_1_161' title='bbox 818 1938 1021 1986; x_wconf 87' lang='lat' dir='ltr'>rutheris</span> <span class='ocrx_word' id='word_1_162' title='bbox 1036 1938 1119 2002; x_wconf 90' lang='lat' dir='ltr'>qui</span> <span class='ocrx_word' id='word_1_163' title='bbox 1138 1936 1219 1985; x_wconf 87' lang='lat' dir='ltr'>illo</span> <span class='ocrx_word' id='word_1_164' title='bbox 1235 1936 1564 1998; x_wconf 87' lang='lat' dir='ltr'>adventarant,</span> <span class='ocrx_word' id='word_1_165' title='bbox 1587 1946 1640 1984; x_wconf 92' lang='lat' dir='ltr'>ut</span> 
     </span>
     <span class='ocr_line' id='line_1_23' title="bbox 220 2015 1591 2083; baseline -0.001 -19"><span class='ocrx_word' id='word_1_166' title='bbox 220 2032 251 2064; x_wconf 88' lang='lat' dir='ltr'>a</span> <span class='ocrx_word' id='word_1_167' title='bbox 269 2017 448 2082; x_wconf 90' lang='lat' dir='ltr'>rapinis</span> <span class='ocrx_word' id='word_1_168' title='bbox 469 2025 516 2064; x_wconf 91' lang='lat' dir='ltr'>et</span> <span class='ocrx_word' id='word_1_169' title='bbox 536 2016 847 2083; x_wconf 88' lang='lat' dir='ltr'>amplioribus</span> <span class='ocrx_word' id='word_1_170' title='bbox 868 2015 1104 2064; x_wconf 89' lang='lat' dir='ltr'>violentiis</span> <span class='ocrx_word' id='word_1_171' title='bbox 1126 2015 1290 2062; x_wconf 88' lang='lat' dir='ltr'>civitas</span> <span class='ocrx_word' id='word_1_172' title='bbox 1310 2024 1591 2063; x_wconf 84' lang='lat' dir='ltr'>servaretur.</span> 
     </span>
    </p>

    <p class='ocr_par' dir='ltr' id='par_1_4' title="bbox 221 2092 1642 2376">
     <span class='ocr_line' id='line_1_24' title="bbox 286 2092 1641 2159; baseline -0.001 -18"><span class='ocrx_word' id='word_1_173' title='bbox 286 2094 457 2142; x_wconf 85' lang='lat' dir='ltr'>Audito</span> <span class='ocrx_word' id='word_1_174' title='bbox 478 2111 592 2142; x_wconf 88' lang='lat' dir='ltr'>vero</span> <span class='ocrx_word' id='word_1_175' title='bbox 617 2095 680 2144; x_wconf 91' lang='lat' dir='ltr'>ab</span> <span class='ocrx_word' id='word_1_176' title='bbox 705 2094 1045 2153; x_wconf 89' lang='lat' dir='ltr'>Hollandrinis‚</span> <span class='ocrx_word' id='word_1_177' title='bbox 1077 2094 1160 2159; x_wconf 94' lang='lat' dir='ltr'>qui</span> <span class='ocrx_word' id='word_1_178' title='bbox 1191 2092 1444 2141; x_wconf 88' lang='lat' dir='ltr'>obsidione</span> <span class='ocrx_word' id='word_1_179' title='bbox 1469 2094 1641 2141; x_wconf 88' lang='lat' dir='ltr'>castel-</span> 
     </span>
     <span class='ocr_line' id='line_1_25' title="bbox 221 2170 1642 2237; baseline -0.001 -17"><span class='ocrx_word' id='word_1_180' title='bbox 221 2171 323 2219; x_wconf 88' lang='lat' dir='ltr'>lum</span> <span class='ocrx_word' id='word_1_181' title='bbox 358 2172 666 2220; x_wconf 83' lang='lat' dir='ltr'>Montissortis</span> <span class='ocrx_word' id='word_1_182' title='bbox 698 2174 966 2233; x_wconf 88' lang='lat' dir='ltr'>cinxerant,</span> <span class='ocrx_word' id='word_1_183' title='bbox 1002 2171 1134 2237; x_wconf 91' lang='lat' dir='ltr'>quod</span> <span class='ocrx_word' id='word_1_184' title='bbox 1177 2171 1244 2218; x_wconf 89' lang='lat' dir='ltr'>sic</span> <span class='ocrx_word' id='word_1_185' title='bbox 1284 2187 1313 2218; x_wconf 93' lang='lat' dir='ltr'>a</span> <span class='ocrx_word' id='word_1_186' title='bbox 1346 2170 1642 2218; x_wconf 84' lang='lat' dir='ltr'>Clivensibus</span> 
     </span>
     <span class='ocr_line' id='line_1_26' title="bbox 221 2247 1641 2318; baseline -0.003 -20"><span class='ocrx_word' id='word_1_187' title='bbox 221 2247 487 2315; x_wconf 67' lang='lat' dir='ltr'>haJectum</span> <span class='ocrx_word' id='word_1_188' title='bbox 516 2250 752 2318; x_wconf 88' lang='lat' dir='ltr'>irruptum</span> <span class='ocrx_word' id='word_1_189' title='bbox 783 2249 943 2298; x_wconf 83' lang='lat' dir='ltr'>suisset</span> <span class='ocrx_word' id='word_1_190' title='bbox 957 2287 970 2311; x_wconf 88' lang='lat'>‚</span> <span class='ocrx_word' id='word_1_191' title='bbox 1014 2249 1171 2297; x_wconf 89' lang='lat' dir='ltr'>statim</span> <span class='ocrx_word' id='word_1_192' title='bbox 1201 2248 1356 2296; x_wconf 88' lang='lat' dir='ltr'>soluta</span> <span class='ocrx_word' id='word_1_193' title='bbox 1392 2247 1641 2296; x_wconf 86' lang='lat' dir='ltr'>obsidione</span> 
     </span>
     <span class='ocr_line' id='line_1_27' title="bbox 225 2324 552 2376; baseline 0 -2"><span class='ocrx_word' id='word_1_194' title='bbox 225 2324 552 2376; x_wconf 81' lang='lat' dir='ltr'>discesserunt.</span> 
     </span>
    </p>

    <p class='ocr_par' dir='ltr' id='par_1_5' title="bbox 229 2403 1647 2856">
     <span class='ocr_line' id='line_1_28' title="bbox 291 2403 1642 2469; baseline -0.001 -17"><span class='ocrx_word' id='word_1_195' title='bbox 291 2405 385 2452; x_wconf 79' lang='lat' dir='ltr'>Sed</span> <span class='ocrx_word' id='word_1_196' title='bbox 421 2421 450 2454; x_wconf 85' lang='lat' dir='ltr'>e</span> <span class='ocrx_word' id='word_1_197' title='bbox 493 2406 688 2469; x_wconf 83' lang='lat' dir='ltr'>vestigio</span> <span class='ocrx_word' id='word_1_198' title='bbox 724 2404 1058 2468; x_wconf 83' lang='lat' dir='ltr'>hujuscemodi</span> <span class='ocrx_word' id='word_1_199' title='bbox 1099 2403 1297 2451; x_wconf 89' lang='lat' dir='ltr'>civitatis</span> <span class='ocrx_word' id='word_1_200' title='bbox 1323 2403 1642 2468; x_wconf 87' lang='lat' dir='ltr'>captivitatem</span> 
     </span>
     <span class='ocr_line' id='line_1_29' title="bbox 229 2481 1644 2546; baseline -0.001 -18"><span class='ocrx_word' id='word_1_201' title='bbox 229 2481 386 2529; x_wconf 81' lang='lat' dir='ltr'>multae</span> <span class='ocrx_word' id='word_1_202' title='bbox 409 2482 569 2531; x_wconf 89' lang='lat' dir='ltr'>denuo</span> <span class='ocrx_word' id='word_1_203' title='bbox 600 2493 648 2530; x_wconf 92' lang='lat' dir='ltr'>et</span> <span class='ocrx_word' id='word_1_204' title='bbox 671 2498 853 2546; x_wconf 85' lang='lat' dir='ltr'>magnae</span> <span class='ocrx_word' id='word_1_205' title='bbox 881 2481 1040 2530; x_wconf 88' lang='lat' dir='ltr'>eidem</span> <span class='ocrx_word' id='word_1_206' title='bbox 1060 2482 1238 2529; x_wconf 91' lang='lat' dir='ltr'>civitati</span> <span class='ocrx_word' id='word_1_207' title='bbox 1258 2481 1546 2529; x_wconf 83' lang='lat' dir='ltr'>calamitates</span> <span class='ocrx_word' id='word_1_208' title='bbox 1571 2497 1644 2527; x_wconf 90' lang='lat' dir='ltr'>se·</span> 
     </span>
     <span class='ocr_line' id='line_1_30' title="bbox 232 2559 1644 2608; baseline 0 -3"><span class='ocrx_word' id='word_1_209' title='bbox 232 2566 350 2605; x_wconf 84' lang='lat' dir='ltr'>cutae</span> <span class='ocrx_word' id='word_1_210' title='bbox 376 2569 500 2606; x_wconf 84' lang='lat' dir='ltr'>sunt.</span> <span class='ocrx_word' id='word_1_211' title='bbox 529 2561 740 2608; x_wconf 86' lang='lat' dir='ltr'>Primum</span> <span class='ocrx_word' id='word_1_212' title='bbox 763 2561 864 2607; x_wconf 86' lang='lat' dir='ltr'>dira</span> <span class='ocrx_word' id='word_1_213' title='bbox 886 2560 1032 2608; x_wconf 88' lang='lat' dir='ltr'>fames</span> <span class='ocrx_word' id='word_1_214' title='bbox 1058 2568 1103 2607; x_wconf 91' lang='lat' dir='ltr'>et</span> <span class='ocrx_word' id='word_1_215' title='bbox 1128 2559 1346 2607; x_wconf 91' lang='lat' dir='ltr'>omnium</span> <span class='ocrx_word' id='word_1_216' title='bbox 1369 2559 1644 2606; x_wconf 85' lang='lat' dir='ltr'>victualium</span> 
     </span>
     <span class='ocr_line' id='line_1_31' title="bbox 231 2636 1645 2703; baseline 0.001 -21"><span class='ocrx_word' id='word_1_217' title='bbox 231 2636 418 2683; x_wconf 87' lang='lat' dir='ltr'>caristia</span> <span class='ocrx_word' id='word_1_218' title='bbox 446 2652 633 2701; x_wconf 86' lang='lat' dir='ltr'>magna.</span> <span class='ocrx_word' id='word_1_219' title='bbox 662 2641 880 2703; x_wconf 81' lang='lat' dir='ltr'>Coeperat</span> <span class='ocrx_word' id='word_1_220' title='bbox 907 2639 1036 2685; x_wconf 88' lang='lat' dir='ltr'>enim</span> <span class='ocrx_word' id='word_1_221' title='bbox 1064 2638 1361 2702; x_wconf 87' lang='lat' dir='ltr'>aliquantum</span> <span class='ocrx_word' id='word_1_222' title='bbox 1384 2638 1557 2684; x_wconf 87' lang='lat' dir='ltr'>remitti</span> <span class='ocrx_word' id='word_1_223' title='bbox 1584 2638 1645 2684; x_wconf 92' lang='lat' dir='ltr'>de</span> 
     </span>
     <span class='ocr_line' id='line_1_32' title="bbox 232 2713 1646 2777; baseline 0.002 -19"><span class='ocrx_word' id='word_1_224' title='bbox 232 2713 385 2777; x_wconf 86' lang='lat' dir='ltr'>pretio</span> <span class='ocrx_word' id='word_1_225' title='bbox 419 2729 621 2760; x_wconf 87' lang='lat' dir='ltr'>annonae</span> <span class='ocrx_word' id='word_1_226' title='bbox 651 2724 699 2760; x_wconf 92' lang='lat' dir='ltr'>et</span> <span class='ocrx_word' id='word_1_227' title='bbox 729 2725 1012 2762; x_wconf 86' lang='lat' dir='ltr'>cunctorum</span> <span class='ocrx_word' id='word_1_228' title='bbox 1047 2716 1322 2762; x_wconf 84' lang='lat' dir='ltr'>victualium</span> <span class='ocrx_word' id='word_1_229' title='bbox 1361 2714 1423 2761; x_wconf 90' lang='lat' dir='ltr'>ab</span> <span class='ocrx_word' id='word_1_230' title='bbox 1452 2714 1534 2760; x_wconf 88' lang='lat' dir='ltr'>illo</span> <span class='ocrx_word' id='word_1_231' title='bbox 1569 2714 1646 2761; x_wconf 90' lang='lat' dir='ltr'>die</span> 
     </span>
     <span class='ocr_line' id='line_1_33' title="bbox 233 2790 1647 2856; baseline 0.001 -20"><span class='ocrx_word' id='word_1_232' title='bbox 233 2806 329 2855; x_wconf 89' lang='lat' dir='ltr'>quo</span> <span class='ocrx_word' id='word_1_233' title='bbox 352 2790 538 2850; x_wconf 87' lang='lat' dir='ltr'>civitas,</span> <span class='ocrx_word' id='word_1_234' title='bbox 560 2792 810 2854; x_wconf 81' lang='lat' dir='ltr'>tyrannide</span> <span class='ocrx_word' id='word_1_235' title='bbox 831 2809 1046 2852; x_wconf 87' lang='lat' dir='ltr'>excussa,</span> <span class='ocrx_word' id='word_1_236' title='bbox 1074 2809 1171 2840; x_wconf 89' lang='lat' dir='ltr'>sese</span> <span class='ocrx_word' id='word_1_237' title='bbox 1194 2792 1282 2839; x_wconf 91' lang='lat' dir='ltr'>sub</span> <span class='ocrx_word' id='word_1_238' title='bbox 1303 2792 1498 2854; x_wconf 88' lang='lat' dir='ltr'>legitimi</span> <span class='ocrx_word' id='word_1_239' title='bbox 1521 2792 1647 2856; x_wconf 86' lang='lat' dir='ltr'>prin-</span> 
     </span>
    </p>
   </div>
  </div>
 </body>
</html>
