2060 3392
680 276 825 319 LIBER
850 276 1048 316 mutus,
1498 277 1578 316 262

160 362 317 413 vincia
345 379 375 412 a
418 379 528 427 rege
560 373 755 429 perante
778 364 1026 426 assecutis,
1065 364 1180 428 qui,
1210 365 1344 412 veriti
1380 381 1441 411 ne
1478 365 1575 414 suis

159 440 368 493 destituti
418 441 586 490 officiis
627 451 874 490 manerent
892 480 905 504 ,
948 453 996 489 et
1042 442 1145 490 aliis
1195 459 1225 490 a
1272 459 1401 491 novo
1452 442 1575 491 duce

158 517 329 569 eadem
344 519 772 580 committerentur,
790 518 1117 567 obedientiam
1133 518 1358 568 exhibere
1375 529 1423 567 et
1441 536 1578 569 man-

156 596 304 660 datis,
338 597 399 646 de
439 596 614 662 quibus
635 597 876 660 diximus,
917 614 1083 664 parere
1123 597 1489 661 detrectarunt:
1523 609 1577 646 ut

157 684 316 725 waes
335 675 456 724 arcis
475 685 524 723 et
541 674 708 741 oppidi
730 675 934 738 Ealesiae,
953 685 1002 723 et
1022 685 1181 723 custos
1197 676 1573 740 Caesaris-Burgi,

157 753 537 805 fiuniseimorum
569 754 877 820 oppidorum
919 757 1138 813 Quorum
1173 753 1374 820 parendi
1397 753 1580 803 detrec-

154 831 273 881 tatio
312 841 455 897 atque
502 832 750 881 reluctatio
805 832 1020 897 profecto
1036 870 1051 894 ,
1100 842 1334 897 quantum
1374 831 1579 880 aliorum

154 911 239 976 qui
270 911 368 960 suis
403 920 665 977 paruerunt
713 905 880 961 edictis
917 922 967 960 et
1003 911 1240 960 mandatis
1279 912 1328 958 in
1372 911 1444 958 sui
1481 927 1581 974 ger-

154 989 316 1038 mani
337 988 531 1037 affectus
575 989 853 1038 transeundi
889 988 1221 1055 promptitudo
1265 989 1448 1054 ingrata
1497 1005 1578 1037 ex·

153 1066 269 1117 stitit
302 1077 352 1115 et
385 1082 550 1128 exosa,
591 1083 693 1116 non
731 1067 890 1116 minus
922 1066 1137 1131 jucunda
1171 1077 1218 1114 et
1255 1065 1347 1114 sibi
1384 1075 1579 1131 accepta

154 1142 260 1193 fuit.
287 1143 453 1206 Unde,
480 1161 581 1193 non
603 1145 763 1193 multis
795 1154 905 1211 post
938 1144 1150 1193 decursis
1172 1143 1343 1192 diebus
1356 1180 1370 1206 ,
1398 1142 1578 1191 eisdem

157 1221 343 1272 arcium
385 1221 667 1271 custodibus
702 1233 750 1270 et
791 1223 895 1270 aliis
931 1238 1054 1286 quos
1090 1222 1312 1270 nondum
1350 1237 1578 1286 germano

154 1313 243 1346 suo
272 1300 551 1348 conciliatos
574 1310 717 1365 atque
745 1300 1022 1349 obedientes
1038 1300 1255 1364 agnovit,
1287 1308 1336 1347 et
1352 1298 1579 1347 mandata

153 1384 203 1424 et
221 1377 442 1441 epistolas
463 1378 614 1440 misit,
639 1377 834 1442 quibus,
858 1378 1009 1427 multa
1030 1377 1097 1426 eis
1118 1377 1374 1443 pollicitus,
1397 1375 1577 1424 distrio-

154 1453 246 1502 tius
273 1454 553 1518 injungebat
576 1465 718 1519 atque
740 1454 932 1504 vetabat
963 1471 1025 1503 ne
1046 1455 1203 1503 eidem
1226 1469 1452 1520 germano
1487 1472 1576 1503 suo

153 1531 409 1595 ullatenus,
446 1533 531 1591 sed
561 1533 652 1582 sibi
682 1534 771 1582 soli
805 1542 1053 1600 parerent,
1080 1544 1222 1598 atque
1249 1550 1381 1581 arces
1410 1533 1575 1597 hujus-

153 1606 287 1658 modi
316 1619 557 1659 servarent
589 1621 636 1659 et
666 1611 939 1661 retinerent.

631 1797 968 1844 CAPITULUM
1015 1798 1094 1844 Vl.

483 1922 597 1957 Aliam
613 1921 868 1970 indignationis
885 1935 1027 1958 causam
1042 1924 1241 1960 continens.

216 2042 336 2088 Cum
358 2057 472 2088 vero
495 2043 786 2090 venissemus
814 2043 1165 2108 Rothomagum
1181 2083 1193 2106 ,
1232 2047 1483 2112 capitalem
1504 2058 1575 2096 to-

150 2117 242 2168 tius
276 2118 533 2184 provinciae
560 2118 731 2168 urbem
745 2157 758 2183 ,
791 2119 854 2170 ad
880 2121 1145 2185 ingressum
1180 2124 1294 2172 novi
1318 2120 1453 2172 ducis
1486 2119 1575 2174 ho·-

149 2193 422 2247 norandum
468 2198 550 2262 (ad
597 2215 745 2264 quam
789 2200 933 2248 etiam
976 2200 1037 2249 de
1075 2201 1270 2264 singulis
1317 2203 1575 2268 provinciae

147 2272 362 2338 portibus
383 2275 561 2341 praelati
575 2313 588 2338 ,
610 2277 810 2324 comites
829 2287 879 2326 et
901 2277 1048 2326 ferme
1069 2292 1264 2340 omnes,
1289 2280 1372 2344 qui
1394 2280 1571 2329 hones-

147 2352 267 2401 tiore
299 2353 460 2418 aliquo
493 2360 630 2402 erant
661 2354 810 2417 gradu
850 2365 935 2403 aut
973 2355 1107 2420 loco,
1141 2367 1338 2424 propter
1358 2358 1570 2422 'ejusdem

150 2429 265 2477 novi
303 2427 438 2479 ducis
475 2427 736 2480 adventum
772 2433 1117 2499 occurrerant),
1148 2442 1196 2482 et
1242 2435 1478 2484 venissent
1510 2437 1571 2484 ad

149 2500 325 2554 ducem
362 2524 543 2557 novum
575 2510 696 2573 regis
734 2511 897 2560 litterae
925 2505 1127 2577 qualiter
1161 2512 1222 2563 ad
1262 2530 1373 2563 eum
1389 2552 1403 2576 ,
1447 2515 1571 2578 lega-

150 2582 293 2653 tionis
324 2601 489 2647 causa,
532 2587 705 2636 ducem
748 2580 974 2637 Borbonii
1009 2607 1119 2638 cum
1159 2608 1247 2639 suo
1287 2592 1571 2641 cancellario

150 2659 486 2726 nonnullisque
523 2663 624 2710 aliis
667 2664 729 2712 de
777 2681 865 2712 suo
904 2667 1127 2715 consili0¹
1171 2667 1437 2716 destinabat
1480 2684 1569 2733 pro

204 2790 244 2827 1.
269 2804 287 2822 ι
312 2790 365 2825 Le
387 2802 456 2839 roy
482 2803 632 2841 envoya
651 2795 749 2844 Mgr.
775 2794 810 2831 le
832 2794 907 2832 duc
926 2794 973 2834 de
995 2795 1198 2843 Bous-bon,
1221 2806 1258 2834 et
1275 2810 1324 2835 en
1341 2808 1383 2835 sa
1400 2798 1570 2850 compai-
