2060 3392
741 311 888 349 LIBER
916 310 1167 349 SEPTIMUS.
1589 311 1606 347 ¹
1616 312 1665 348 37

250 399 363 449 dem
398 398 581 449 ducem
605 400 898 462 Glocestriae‚
937 415 999 446 ne
1033 398 1095 447 ad
1130 399 1321 447 culmen
1355 393 1487 463 regni
1524 399 1666 447 etiam

251 479 431 544 absque
453 478 696 543 sacrilegio
725 476 1067 526 conscenderet
1081 514 1094 539 ‚
1125 475 1509 542 archiepiscopus
1543 476 1669 524 Ebo-

252 557 459 606 racensis
490 567 539 605 et
561 557 813 622 episcopus
837 556 1054 604 llliensis¹
1072 593 1086 617 ‚
1113 555 1275 619 magni
1297 555 1511 619 ejusdem
1535 558 1669 620 regni

252 637 460 704 praelati,
507 637 591 701 qui
624 636 686 684 ad
723 635 852 683 idem
885 644 1092 682 castrum
1124 634 1407 682 consulendi
1438 650 1580 682 causa
1609 634 1669 682 de

252 713 456 780 publicis
486 714 620 778 regni
656 713 857 777 negotiis
893 712 1080 760 fuerant
1110 713 1346 770 accersiti,
1382 728 1441 759 eo
1465 711 1598 775 quod
1623 721 1672 759 et

253 791 342 857 ipsi
364 791 597 839 voluntati
618 790 753 838 ducis
774 791 971 837 minime
999 790 1336 838 consentirent.

281 923 284 926 ‚
319 868 487 934 Occidi
509 878 668 917 autem
700 868 806 916 fecit
828 878 876 916 et
903 867 1026 915 duos
1048 867 1171 915 filios
1193 868 1363 931 reginae
1377 905 1391 930 ‚
1425 883 1547 932 quos
1569 867 1672 932 ipsa

253 962 312 995 ex
353 947 512 1012 priore
559 947 729 994 marito
775 957 1043 1012 susceperat
1059 984 1072 1008 ‚
1115 956 1373 1010 antequam
1417 946 1520 1011 ipsa
1561 961 1670 992 cum

254 1022 480 1072 Edoardo
516 1024 764 1090 nupsisset.
796 1027 953 1090 Ipsam
981 1034 1140 1072 autem
1153 1061 1166 1086 ‚
1196 1040 1302 1088 quae
1334 1023 1398 1071 ad
1431 1025 1672 1070 Westmo-

255 1102 536 1163 nasterium,
575 1102 761 1150 tuendae
783 1102 890 1150 vitae
912 1118 968 1149 ac
990 1102 1151 1149 salutis
1176 1118 1340 1160 causa,
1369 1100 1669 1164 confugerat,

255 1179 430 1227 dicitur
467 1179 767 1227 observatam
807 1189 855 1227 et
889 1179 1107 1227 clausura
1140 1179 1299 1227 valida
1332 1177 1675 1226 circumdatam

257 1257 412 1305 facere
445 1257 690 1305 custodiri.
730 1257 940 1306 Edoardi
969 1267 1130 1306 autem
1155 1257 1278 1304 filios
1315 1257 1450 1304 aiunt
1471 1256 1520 1302 in
1548 1255 1677 1303 dicta

255 1335 391 1382 Turri
419 1334 805 1395 Londoniarum,
831 1334 974 1381 etiam
1009 1336 1225 1400 apposita
1258 1333 1474 1381 custodia
1488 1370 1500 1394 ‚
1533 1349 1677 1380 asser-

256 1412 374 1459 vari.
411 1411 480 1459 Ad
501 1429 709 1476 quorum
733 1411 1064 1459 liberationem
1099 1429 1211 1459 cum
1245 1429 1302 1459 ex
1331 1410 1679 1458 Londoniensi-

256 1487 348 1547 bus
372 1489 558 1537 circiter
580 1489 925 1554 quinquaginta
951 1491 1040 1537 viri
1062 1490 1389 1554 conjurassent
1403 1526 1416 1550 ‚
1441 1482 1678 1536 aestiman-

258 1563 328 1616 tes
367 1568 699 1630 verisimiliter,
738 1569 806 1616 eis
839 1569 1086 1632 negotium
1125 1567 1465 1617 inchoantibus
1479 1605 1492 1629 ,
1527 1577 1678 1615 totam

258 1660 372 1692 cum
392 1645 505 1710 ipsis
539 1645 601 1694 ad
636 1646 686 1693 id
708 1645 1056 1711 perficiendum
1080 1647 1375 1694 commoveri
1409 1645 1648 1693 civitatem
1663 1681 1675 1705 ‚

260 1738 371 1769 cum
392 1722 634 1786 sequelam
665 1723 847 1771 nullam
884 1724 1119 1771 haberent
1135 1761 1147 1783 ‚
1179 1724 1228 1771 in
1261 1724 1449 1771 irritum
1479 1732 1681 1770 conatus

261 1814 431 1847 eorum
469 1800 605 1847 cessit
618 1837 631 1861 ‚
664 1810 713 1847 et
738 1817 794 1848 ex
823 1801 935 1866 ipsis
963 1810 1169 1864 quatuor
1201 1801 1328 1866 capti
1363 1800 1518 1865 capite
1557 1799 1682 1865 plexi

262 1887 389 1924 sunt.
423 1877 595 1945 Vivant
628 1894 743 1924 vero
783 1878 872 1943 ipsi
903 1879 1039 1944 pueri
1074 1879 1217 1942 regii,
1247 1887 1329 1926 aut
1363 1878 1498 1941 jussu
1536 1877 1683 1942 ipsius

264 1956 337 2003 sui
369 1956 503 2021 impii
537 1955 693 2021 patrui
728 1957 883 2003 necati
915 1958 1036 2016 sint,
1073 1957 1306 2004 incertum
1328 1954 1560 2014 habetur;
1599 1954 1682 2001 sed

263 2033 465 2080 alterum
487 2033 630 2096 longe
651 2033 949 2081 verisimilius
970 2034 1163 2094 exsistit,
1182 2034 1312 2097 quia,
1341 2032 1573 2097 quamdiu
1595 2032 1683 2096 ipsi

263 2111 534 2176 superstites
558 2120 690 2172 sunt,
720 2127 819 2158 non
848 2111 936 2158 erit
958 2112 1043 2159 iste
1067 2112 1274 2159 intrusus
1295 2127 1324 2159 a
1347 2109 1684 2158 rebellionibus

263 2198 311 2235 et
338 2187 652 2235 seditionibus
682 2188 815 2235 nullo
849 2188 998 2236 modo
1021 2206 1239 2248 securus3
1268 2188 1401 2252 quod
1428 2204 1518 2235 nec
1541 2187 1683 2234 etiam

266 2266 379 2330 ipsis
399 2266 637 2313 exstinctis
666 2266 834 2331 procul
866 2266 1035 2326 dubio,
1059 2275 1237 2314 attenta
1265 2266 1504 2331 pronitate
1526 2280 1684 2330 popu-

265 2342 424 2390 lorum
448 2343 572 2390 illius
601 2344 734 2407 regni
765 2343 826 2391 ad
860 2343 1116 2391 seditiones
1142 2354 1190 2391 et
1221 2343 1475 2404 factiones,
1502 2342 1686 2388 futurus

266 2429 369 2466 erit.

334 2499 440 2544 Non
463 2499 592 2545 enim
618 2515 797 2546 novum
822 2509 893 2546 est
914 2508 996 2547 aut
1016 2516 1181 2547 recens
1199 2499 1323 2547 illius
1340 2499 1506 2564 populi
1524 2514 1655 2562 reges
1670 2533 1682 2556 ,

243 2570 248 2574 ’
269 2575 514 2623 concitatis
536 2576 788 2624 adversum
811 2594 859 2625 se
882 2577 1195 2625 seditionibus
1211 2615 1223 2638 ,
1244 2578 1319 2624 vel
1341 2577 1595 2624 exstinctos
1613 2576 1686 2622 vel

326 2745 363 2781 1.
396 2743 560 2782 Thomas
583 2745 815 2793 Rotheram‚
841 2747 1082 2799 archeveque
1110 2747 1253 2785 d'York
1268 2776 1278 2795 ‚
1313 2756 1350 2786 et
1385 2746 1486 2786 John
1507 2748 1657 2783 Morton
1676 2775 1685 2791 ‚

272 2806 418 2857 eveque
435 2805 559 2856 d'Ely.
