2060 3392
675 270 823 310 LIBER
850 269 1050 311 ramus.
1494 273 1566 312 311

583 449 927 495 CAPITULUM
961 449 1125 496 XVIII.

161 588 215 625 De
225 597 332 625 nen
346 587 459 624 trium
478 586 654 621 mensium
669 585 762 622 fam
777 585 977 630 denin,
999 594 1035 621 et
1052 587 1229 623 calumni-
1249 596 1436 636 propoeren
1450 597 1576 625 eoum

353 656 421 680 non
434 651 584 687 sta-actm
601 651 636 679 et
649 641 835 691 quomodo
850 641 934 678 inde
949 643 1175 680 transivimus
1189 645 1373 683 Basileam.

218 765 504 816 Delimimus
533 765 693 830 itaque
726 761 970 813 Gebennis
1012 767 1199 813 menses
1234 775 1355 825 tres3
1395 765 1480 814 ubi
1514 767 1576 816 ab

157 845 340 911 optima
361 843 548 891 ducissa
562 841 832 891 Sabaudiae¹
854 841 1036 890 ducalis
1051 840 1193 904 aedes,
1212 844 1358 891 totius
1378 843 1579 894 civitatis

155 921 556 986 magnificentior,
572 934 658 969 sua
675 919 818 968 nobis
835 919 898 967 ad
910 916 1279 968 inhabitandum
1300 920 1580 971 liberalitate

155 1007 382 1050 concessa
402 1009 489 1048 est.
515 1002 633 1058 Quae
654 1012 767 1047 cum
788 998 953 1046 civitas
985 1008 1181 1063 totaque
1203 996 1445 1047 Sabaudia
1465 1009 1581 1048 tunc

154 1085 204 1128 et
222 1092 412 1144 semper
432 1075 660 1125 omnibus
685 1075 748 1124 ad
768 1075 1079 1124 incolendum
1095 1076 1374 1124 communis
1394 1094 1583 1126 secura-

154 1171 251 1223 que
267 1156 433 1216 suerit,
462 1164 560 1204 tam
586 1154 780 1202 Francis
806 1168 954 1219 quam
977 1152 1399 1218 Burgundionibus
1423 1166 1471 1203 et
1495 1157 1586 1204 An-

156 1235 267 1300 glis,
298 1251 356 1283 ex
379 1251 439 1282 eo
458 1243 621 1282 tamen
644 1232 777 1297 quod
807 1232 903 1280 illic
926 1233 1195 1299 perfugium
1217 1233 1552 1283 inveneramus
1565 1273 1579 1298 ,

155 1326 382 1378 magnam
402 1311 616 1360 struendi
633 1310 886 1358 adversum
907 1327 998 1358 nos
1016 1310 1307 1359 calumniam
1324 1310 1475 1360 nostri
1496 1312 1584 1361 im-

155 1386 298 1456 probi
313 1389 679 1437 calumniatores
697 1396 1069 1452 assumpserunt,
1091 1387 1441 1436 Confluxerunt
1451 1388 1583 1437 enim

155 1471 203 1512 et
224 1465 323 1528 regi
346 1471 676 1527 suggesserunt
705 1460 1069 1510 mendacissime
1099 1457 1233 1526 quod
1263 1477 1354 1510 nos
1388 1462 1472 1510 illo
1499 1463 1583 1512 de-

155 1543 501 1591 clinaveramus
535 1550 589 1587 ut
615 1540 781 1587 comiti
814 1539 994 1588 Brissiae
1011 1577 1022 1598 ,
1063 1539 1228 1588 comiti
1266 1544 1506 1589 Dormont
1536 1551 1584 1590 et

102 1673 105 1675 ,
155 1622 383 1688 episeopo
403 1618 754 1678 Gebennensi’‚
786 1617 1009 1666 fratribus
1030 1616 1222 1665 illustris
1248 1618 1384 1666 ducis
1406 1618 1584 1667 Saban-

156 1699 247 1747 diae
262 1737 276 1760 ‚
308 1698 616 1746 suaderemus
645 1696 779 1760 quod
806 1697 857 1743 in
893 1705 1052 1761 partes
1086 1696 1222 1744 ducis
1258 1697 1551 1762 Bungundiae
1566 1737 1579 1761 ‚

158 1776 383 1825 adversus
395 1789 540 1838 quem
555 1790 639 1822 rex
654 1788 879 1836 magnam
900 1773 1165 1838 adparabat
1185 1773 1539 1838 expeditionem
1547 1778 1580 1837 ⁸,

157 1853 331 1901 relictis
350 1851 567 1918 partibus
591 1851 735 1914 regis,
762 1851 1034 1898 transirent.
1061 1851 1206 1909 Quod
1235 1866 1348 1898 cum
1371 1851 1585 1918 praedieti

158 1930 359 1979 illustres
375 1930 588 1994 germani
610 1937 726 1976 tunc
748 1928 983 1988 fecissent,
1008 1927 1382 1994 defecissentque
1403 1946 1433 1978 a
1451 1945 1577 1994 rege,

157 2008 295 2057 facile
314 2006 649 2072 hujuscemodi
674 2005 923 2053 calumniae
953 2023 1041 2070 per
1073 2022 1234 2069 regem
1265 2005 1383 2054 fides
1418 2006 1583 2055 habita

157 2092 243 2133 est.
290 2086 427 2134 Unde
462 2085 620 2133 statim
659 2099 688 2131 a
730 2084 904 2131 nostris
940 2083 1117 2148 iniquis
1156 2084 1584 2133 calumniatoribus

158 2159 385 2208 mandata
407 2160 537 2224 regia
558 2158 756 2206 obtenta
778 2168 889 2204 sunt
909 2167 963 2205 ut
983 2158 1156 2205 nostris
1170 2196 1182 2220 ,
1207 2168 1307 2206 tam
1338 2159 1582 2207 ecclesias·

158 2237 264 2285 tieis
305 2253 452 2301 quam
492 2235 932 2302 patrimonialibuS‚
983 2236 1296 2301 proventibus
1346 2237 1583 2301 bonisque

213 2399 253 2439 ¹.
283 2397 457 2438 Yolande
477 2397 526 2439 de
555 2401 717 2449 France,
743 2411 846 2438 soeur
870 2396 920 2438 de
945 2399 1062 2439 Leuis
1080 2401 1153 2448 XI,
1182 2399 1323 2439 mariee
1349 2410 1400 2440 au
1428 2401 1505 2440 duc
1533 2401 1581 2439 de

162 2462 317 2510 Sunio,
337 2461 507 2501 Amedee
521 2465 593 2502 lx.

213 2525 254 2564 2.
283 2523 459 2578 Philippe
481 2524 530 2564 de
554 2525 714 2573 savoie,
739 2518 866 2564 comte
891 2526 942 2565 de
973 2528 1130 2575 Bresse,
1158 2529 1325 2579 Jaoques
1349 2527 1400 2568 de
1416 2528 1556 2568 Savoie
1569 2559 1581 2577 ‚

161 2595 288 2626 comte
307 2586 356 2625 de
374 2589 557 2635 Romont,
584 2597 622 2627 et
645 2591 741 2627 Jean
766 2589 883 2628 Louis
908 2590 956 2628 de
974 2590 1112 2630 savoie
1127 2620 1137 2638 ,
1159 2592 1308 2642 eveque
1326 2591 1376 2629 de
1397 2591 1556 2630 Geneve
1570 2621 1580 2636 ‚

160 2649 210 2688 de
230 2648 457 2688 nauxienne
483 2658 523 2689 et
541 2650 590 2689 de
610 2652 849 2700 'ran-eumue,
879 2661 965 2692 tous
987 2654 1079 2692 trois
1096 2652 1365 2693 baux-freres
1386 2653 1436 2691 de
1454 2654 1490 2691 la
1510 2653 1578 2691 du-

161 2710 294 2752 chesse
311 2710 499 2749 Yolande.

217 2778 256 2814 3.
287 2774 624 2828 Auru-septembre
643 2778 762 2815 Μῦες.
