<?xml version="1.0" encoding="UTF-8"?>
<!DOCTYPE html PUBLIC "-//W3C//DTD XHTML 1.0 Transitional//EN"
    "http://www.w3.org/TR/xhtml1/DTD/xhtml1-transitional.dtd">
<html xmlns="http://www.w3.org/1999/xhtml" xml:lang="en" lang="en">
 <head>
  <title>
</title>
<meta http-equiv="Content-Type" content="text/html;charset=utf-8" />
  <meta name='ocr-system' content='tesseract 3.04.00' />
  <meta name='ocr-capabilities' content='ocr_page ocr_carea ocr_par ocr_line ocrx_word'/>
</head>
<body>
  <div class='ocr_page' id='page_1' title='image "./histoiredesrgn03basiuoft_0333.png"; bbox 0 0 2060 3392; ppageno 0'>
   <div class='ocr_carea' id='block_1_1' title="bbox 714 290 1608 331">
    <p class='ocr_par' dir='ltr' id='par_1_1' title="bbox 714 290 1608 331">
     <span class='ocr_line' id='line_1_1' title="bbox 714 290 1608 331; baseline 0.003 -4"><span class='ocrx_word' id='word_1_1' title='bbox 714 290 861 327; x_wconf 71' lang='lat' dir='ltr'>mmm</span> <span class='ocrx_word' id='word_1_2' title='bbox 887 290 1087 329; x_wconf 73' lang='lat' dir='ltr'>rmus.</span> <span class='ocrx_word' id='word_1_3' title='bbox 1530 293 1608 331; x_wconf 76' lang='lat'>283</span> 
     </span>
    </p>
   </div>
   <div class='ocr_carea' id='block_1_2' title="bbox 184 375 1633 2534">
    <p class='ocr_par' dir='ltr' id='par_1_2' title="bbox 184 375 1633 2534">
     <span class='ocr_line' id='line_1_2' title="bbox 194 375 1609 447; baseline -0.001 -20"><span class='ocrx_word' id='word_1_4' title='bbox 194 377 318 427; x_wconf 65' lang='lat' dir='ltr'>lutus</span> <span class='ocrx_word' id='word_1_5' title='bbox 351 377 590 434; x_wconf 78' lang='lat' dir='ltr'>honorem</span> <span class='ocrx_word' id='word_1_6' title='bbox 630 375 875 425; x_wconf 80' lang='lat' dir='ltr'>sublimari</span> <span class='ocrx_word' id='word_1_7' title='bbox 918 378 1191 447; x_wconf 40' lang='lat' dir='ltr'>procurarit</span> <span class='ocrx_word' id='word_1_8' title='bbox 1206 381 1235 424; x_wconf 90' lang='lat'>¹.</span> <span class='ocrx_word' id='word_1_9' title='bbox 1291 380 1409 442; x_wconf 84' lang='lat' dir='ltr'>Eum</span> <span class='ocrx_word' id='word_1_10' title='bbox 1450 379 1609 442; x_wconf 86' lang='lat' dir='ltr'>igitur,</span> 
     </span>
     <span class='ocr_line' id='line_1_3' title="bbox 194 452 1614 521; baseline 0 -17"><span class='ocrx_word' id='word_1_11' title='bbox 194 466 286 521; x_wconf 75' lang='lat' dir='ltr'>pro</span> <span class='ocrx_word' id='word_1_12' title='bbox 299 471 360 504; x_wconf 87' lang='lat' dir='ltr'>eo</span> <span class='ocrx_word' id='word_1_13' title='bbox 378 455 511 520; x_wconf 90' lang='lat' dir='ltr'>quod</span> <span class='ocrx_word' id='word_1_14' title='bbox 538 464 670 503; x_wconf 81' lang='lat' dir='ltr'>tanta</span> <span class='ocrx_word' id='word_1_15' title='bbox 689 453 819 519; x_wconf 89' lang='lat' dir='ltr'>apud</span> <span class='ocrx_word' id='word_1_16' title='bbox 841 471 1000 518; x_wconf 89' lang='lat' dir='ltr'>regem</span> <span class='ocrx_word' id='word_1_17' title='bbox 1025 465 1073 502; x_wconf 90' lang='lat' dir='ltr'>et</span> <span class='ocrx_word' id='word_1_18' title='bbox 1093 452 1324 520; x_wconf 79' lang='lat' dir='ltr'>potestate</span> <span class='ocrx_word' id='word_1_19' title='bbox 1351 465 1400 502; x_wconf 90' lang='lat' dir='ltr'>et</span> <span class='ocrx_word' id='word_1_20' title='bbox 1420 455 1614 504; x_wconf 84' lang='lat' dir='ltr'>familia—</span> 
     </span>
     <span class='ocr_line' id='line_1_4' title="bbox 194 531 1610 598; baseline -0.001 -17"><span class='ocrx_word' id='word_1_21' title='bbox 194 532 331 581; x_wconf 80' lang='lat' dir='ltr'>ritate</span> <span class='ocrx_word' id='word_1_22' title='bbox 352 533 602 598; x_wconf 88' lang='lat' dir='ltr'>potiretur,</span> <span class='ocrx_word' id='word_1_23' title='bbox 636 531 836 579; x_wconf 81' lang='lat' dir='ltr'>consilio</span> <span class='ocrx_word' id='word_1_24' title='bbox 869 532 1136 579; x_wconf 87' lang='lat' dir='ltr'>amicorum</span> <span class='ocrx_word' id='word_1_25' title='bbox 1169 542 1225 579; x_wconf 90' lang='lat' dir='ltr'>ut</span> <span class='ocrx_word' id='word_1_26' title='bbox 1259 548 1350 597; x_wconf 89' lang='lat' dir='ltr'>pro</span> <span class='ocrx_word' id='word_1_27' title='bbox 1386 532 1610 580; x_wconf 83' lang='lat' dir='ltr'>interces-</span> 
     </span>
     <span class='ocr_line' id='line_1_5' title="bbox 195 608 1615 673; baseline 0 -16"><span class='ocrx_word' id='word_1_28' title='bbox 195 625 302 658; x_wconf 83' lang='lat' dir='ltr'>sore</span> <span class='ocrx_word' id='word_1_29' title='bbox 333 618 477 672; x_wconf 85' lang='lat' dir='ltr'>atque</span> <span class='ocrx_word' id='word_1_30' title='bbox 507 608 770 656; x_wconf 80' lang='lat' dir='ltr'><strong>mediatore</strong></span> <span class='ocrx_word' id='word_1_31' title='bbox 796 624 1043 673; x_wconf 86' lang='lat' dir='ltr'>possemus</span> <span class='ocrx_word' id='word_1_32' title='bbox 1072 608 1317 673; x_wconf 85' lang='lat' dir='ltr'>acquirere</span> <span class='ocrx_word' id='word_1_33' title='bbox 1334 641 1346 665; x_wconf 91' lang='lat'>,</span> <span class='ocrx_word' id='word_1_34' title='bbox 1381 609 1490 656; x_wconf 87' lang='lat' dir='ltr'>licet</span> <span class='ocrx_word' id='word_1_35' title='bbox 1525 626 1615 657; x_wconf 89' lang='lat' dir='ltr'>nec</span> 
     </span>
     <span class='ocr_line' id='line_1_6' title="bbox 194 684 1616 750; baseline -0.001 -16"><span class='ocrx_word' id='word_1_36' title='bbox 194 687 454 735; x_wconf 72' lang='lat' dir='ltr'>litteratura</span> <span class='ocrx_word' id='word_1_37' title='bbox 486 703 576 733; x_wconf 92' lang='lat' dir='ltr'>nec</span> <span class='ocrx_word' id='word_1_38' title='bbox 597 686 810 734; x_wconf 82' lang='lat' dir='ltr'>honestis</span> <span class='ocrx_word' id='word_1_39' title='bbox 835 686 945 733; x_wconf 90' lang='lat' dir='ltr'>satis</span> <span class='ocrx_word' id='word_1_40' title='bbox 963 684 1180 740; x_wconf 81' lang='lat' dir='ltr'>moribus</span> <span class='ocrx_word' id='word_1_41' title='bbox 1207 685 1338 750; x_wconf 90' lang='lat' dir='ltr'>apud</span> <span class='ocrx_word' id='word_1_42' title='bbox 1369 702 1509 733; x_wconf 85' lang='lat' dir='ltr'>veros</span> <span class='ocrx_word' id='word_1_43' title='bbox 1541 703 1616 734; x_wconf 87' lang='lat' dir='ltr'>re—</span> 
     </span>
     <span class='ocr_line' id='line_1_7' title="bbox 194 763 1615 829; baseline -0.001 -16"><span class='ocrx_word' id='word_1_44' title='bbox 194 781 303 813; x_wconf 85' lang='lat' dir='ltr'>rum</span> <span class='ocrx_word' id='word_1_45' title='bbox 324 765 630 813; x_wconf 82' lang='lat' dir='ltr'>aestimatores</span> <span class='ocrx_word' id='word_1_46' title='bbox 648 764 785 828; x_wconf 85' lang='lat' dir='ltr'>alicuj</span> <span class='ocrx_word' id='word_1_47' title='bbox 792 781 847 811; x_wconf 88' lang='lat' dir='ltr'>us</span> <span class='ocrx_word' id='word_1_48' title='bbox 859 764 1137 829; x_wconf 70' lang='lat' dir='ltr'>praestantiae</span> <span class='ocrx_word' id='word_1_49' title='bbox 1154 763 1434 826; x_wconf 91' lang='lat' dir='ltr'>haberetur,</span> <span class='ocrx_word' id='word_1_50' title='bbox 1456 775 1615 812; x_wconf 88' lang='lat' dir='ltr'>tamen</span> 
     </span>
     <span class='ocr_line' id='line_1_8' title="bbox 196 841 1615 908; baseline -0.001 -17"><span class='ocrx_word' id='word_1_51' title='bbox 196 858 288 908; x_wconf 85' lang='lat' dir='ltr'>pro</span> <span class='ocrx_word' id='word_1_52' title='bbox 309 843 514 890; x_wconf 73' lang='lat' dir='ltr'>instante</span> <span class='ocrx_word' id='word_1_53' title='bbox 547 842 824 889; x_wconf 87' lang='lat' dir='ltr'>necessitate</span> <span class='ocrx_word' id='word_1_54' title='bbox 853 851 900 888; x_wconf 90' lang='lat' dir='ltr'>et</span> <span class='ocrx_word' id='word_1_55' title='bbox 933 842 1089 889; x_wconf 91' lang='lat' dir='ltr'>colere</span> <span class='ocrx_word' id='word_1_56' title='bbox 1119 852 1167 889; x_wconf 91' lang='lat' dir='ltr'>et</span> <span class='ocrx_word' id='word_1_57' title='bbox 1201 841 1454 889; x_wconf 81' lang='lat' dir='ltr'>observare</span> <span class='ocrx_word' id='word_1_58' title='bbox 1478 859 1615 891; x_wconf 84' lang='lat' dir='ltr'>cura-</span> 
     </span>
     <span class='ocr_line' id='line_1_9' title="bbox 195 919 1620 984; baseline 0.001 -18"><span class='ocrx_word' id='word_1_59' title='bbox 195 919 351 967; x_wconf 79' lang='lat' dir='ltr'>vimus</span> <span class='ocrx_word' id='word_1_60' title='bbox 375 937 387 966; x_wconf 65' lang='grc' dir='ltr'>ς</span> <span class='ocrx_word' id='word_1_61' title='bbox 413 920 697 967; x_wconf 84' lang='lat' dir='ltr'>aestimantes</span> <span class='ocrx_word' id='word_1_62' title='bbox 731 919 800 980; x_wconf 86' lang='lat' dir='ltr'>si,</span> <span class='ocrx_word' id='word_1_63' title='bbox 837 919 1249 983; x_wconf 86' lang='lat' dir='ltr'>quemadmodum</span> <span class='ocrx_word' id='word_1_64' title='bbox 1283 935 1332 966; x_wconf 89' lang='lat' dir='ltr'>se</span> <span class='ocrx_word' id='word_1_65' title='bbox 1362 919 1620 984; x_wconf 88' lang='lat' dir='ltr'>recipiebat</span> 
     </span>
     <span class='ocr_line' id='line_1_10' title="bbox 196 996 1618 1063; baseline 0.001 -19"><span class='ocrx_word' id='word_1_66' title='bbox 196 996 431 1045; x_wconf 76' lang='lat' dir='ltr'>saeuitum</span> <span class='ocrx_word' id='word_1_67' title='bbox 447 1035 460 1059; x_wconf 95' lang='lat'>,</span> <span class='ocrx_word' id='word_1_68' title='bbox 495 997 681 1045; x_wconf 87' lang='lat' dir='ltr'>sincero</span> <span class='ocrx_word' id='word_1_69' title='bbox 715 997 862 1044; x_wconf 89' lang='lat' dir='ltr'>corde</span> <span class='ocrx_word' id='word_1_70' title='bbox 888 1006 936 1044; x_wconf 89' lang='lat' dir='ltr'>et</span> <span class='ocrx_word' id='word_1_71' title='bbox 965 1006 1096 1045; x_wconf 89' lang='lat' dir='ltr'>recta</span> <span class='ocrx_word' id='word_1_72' title='bbox 1130 997 1381 1045; x_wconf 81' lang='lat' dir='ltr'>affectione</span> <span class='ocrx_word' id='word_1_73' title='bbox 1421 1014 1618 1063; x_wconf 83' lang='lat' dir='ltr'>operam</span> 
     </span>
     <span class='ocr_line' id='line_1_11' title="bbox 197 1074 1620 1141; baseline 0 -18"><span class='ocrx_word' id='word_1_74' title='bbox 197 1074 313 1123; x_wconf 83' lang='lat' dir='ltr'>dare</span> <span class='ocrx_word' id='word_1_75' title='bbox 343 1075 484 1123; x_wconf 81' lang='lat' dir='ltr'>vellet</span> <span class='ocrx_word' id='word_1_76' title='bbox 498 1112 511 1136; x_wconf 97' lang='lat'>,</span> <span class='ocrx_word' id='word_1_77' title='bbox 536 1075 671 1139; x_wconf 90' lang='lat' dir='ltr'>quod</span> <span class='ocrx_word' id='word_1_78' title='bbox 688 1074 925 1138; x_wconf 86' lang='lat' dir='ltr'>regalibus</span> <span class='ocrx_word' id='word_1_79' title='bbox 945 1075 1036 1122; x_wconf 90' lang='lat' dir='ltr'>illis</span> <span class='ocrx_word' id='word_1_80' title='bbox 1066 1075 1144 1139; x_wconf 84' lang='lat' dir='ltr'>(de</span> <span class='ocrx_word' id='word_1_81' title='bbox 1169 1074 1344 1140; x_wconf 88' lang='lat' dir='ltr'>quibus</span> <span class='ocrx_word' id='word_1_82' title='bbox 1373 1075 1474 1139; x_wconf 89' lang='lat' dir='ltr'>jam</span> <span class='ocrx_word' id='word_1_83' title='bbox 1497 1092 1620 1141; x_wconf 90' lang='lat' dir='ltr'>saepe</span> 
     </span>
     <span class='ocr_line' id='line_1_12' title="bbox 202 1151 1621 1217; baseline 0.001 -18"><span class='ocrx_word' id='word_1_84' title='bbox 202 1167 233 1200; x_wconf 81' lang='lat' dir='ltr'>a</span> <span class='ocrx_word' id='word_1_85' title='bbox 252 1151 395 1200; x_wconf 90' lang='lat' dir='ltr'>nobis</span> <span class='ocrx_word' id='word_1_86' title='bbox 414 1152 617 1200; x_wconf 91' lang='lat' dir='ltr'>relatum</span> <span class='ocrx_word' id='word_1_87' title='bbox 635 1153 724 1217; x_wconf 89' lang='lat' dir='ltr'>est)</span> <span class='ocrx_word' id='word_1_88' title='bbox 744 1152 1088 1200; x_wconf 86' lang='lat' dir='ltr'>abolitionibus</span> <span class='ocrx_word' id='word_1_89' title='bbox 1111 1162 1160 1200; x_wconf 89' lang='lat' dir='ltr'>et</span> <span class='ocrx_word' id='word_1_90' title='bbox 1179 1153 1486 1217; x_wconf 88' lang='lat' dir='ltr'>indulgentiis</span> <span class='ocrx_word' id='word_1_91' title='bbox 1508 1170 1621 1217; x_wconf 87' lang='lat' dir='ltr'>gau-</span> 
     </span>
     <span class='ocr_line' id='line_1_13' title="bbox 199 1227 1622 1296; baseline 0.001 -19"><span class='ocrx_word' id='word_1_92' title='bbox 199 1227 313 1277; x_wconf 86' lang='lat' dir='ltr'>dere</span> <span class='ocrx_word' id='word_1_93' title='bbox 332 1230 473 1278; x_wconf 92' lang='lat' dir='ltr'>nobis</span> <span class='ocrx_word' id='word_1_94' title='bbox 494 1230 628 1278; x_wconf 86' lang='lat' dir='ltr'>facile</span> <span class='ocrx_word' id='word_1_95' title='bbox 649 1231 835 1290; x_wconf 86' lang='lat' dir='ltr'>liceret,</span> <span class='ocrx_word' id='word_1_96' title='bbox 861 1247 1067 1295; x_wconf 89' lang='lat' dir='ltr'>quarum</span> <span class='ocrx_word' id='word_1_97' title='bbox 1087 1230 1324 1278; x_wconf 82' lang='lat' dir='ltr'>beneficio</span> <span class='ocrx_word' id='word_1_98' title='bbox 1353 1231 1457 1279; x_wconf 87' lang='lat' dir='ltr'>sreti</span> <span class='ocrx_word' id='word_1_99' title='bbox 1481 1242 1622 1296; x_wconf 85' lang='lat' dir='ltr'>atque</span> 
     </span>
     <span class='ocr_line' id='line_1_14' title="bbox 201 1307 1624 1372; baseline 0.001 -17"><span class='ocrx_word' id='word_1_100' title='bbox 201 1307 398 1355; x_wconf 82' lang='lat' dir='ltr'>animati</span> <span class='ocrx_word' id='word_1_101' title='bbox 418 1307 480 1355; x_wconf 91' lang='lat' dir='ltr'>ad</span> <span class='ocrx_word' id='word_1_102' title='bbox 505 1309 704 1372; x_wconf 86' lang='lat' dir='ltr'>gratiam</span> <span class='ocrx_word' id='word_1_103' title='bbox 728 1318 774 1356; x_wconf 91' lang='lat' dir='ltr'>et</span> <span class='ocrx_word' id='word_1_104' title='bbox 798 1307 1123 1356; x_wconf 88' lang='lat' dir='ltr'>obedientiam</span> <span class='ocrx_word' id='word_1_105' title='bbox 1140 1309 1263 1372; x_wconf 89' lang='lat' dir='ltr'>regis</span> <span class='ocrx_word' id='word_1_106' title='bbox 1284 1308 1519 1356; x_wconf 91' lang='lat' dir='ltr'>redeundi</span> <span class='ocrx_word' id='word_1_107' title='bbox 1541 1326 1624 1357; x_wconf 90' lang='lat' dir='ltr'>au-</span> 
     </span>
     <span class='ocr_line' id='line_1_15' title="bbox 199 1385 1624 1450; baseline 0.001 -18"><span class='ocrx_word' id='word_1_108' title='bbox 199 1401 307 1432; x_wconf 87' lang='lat' dir='ltr'>sum</span> <span class='ocrx_word' id='word_1_109' title='bbox 324 1394 372 1433; x_wconf 89' lang='lat' dir='ltr'>et</span> <span class='ocrx_word' id='word_1_110' title='bbox 388 1385 690 1449; x_wconf 90' lang='lat' dir='ltr'>propositum</span> <span class='ocrx_word' id='word_1_111' title='bbox 711 1401 1079 1450; x_wconf 90' lang='lat' dir='ltr'>sumpseramus.</span> <span class='ocrx_word' id='word_1_112' title='bbox 1103 1388 1207 1432; x_wconf 89' lang='lat' dir='ltr'>Non</span> <span class='ocrx_word' id='word_1_113' title='bbox 1226 1386 1374 1445; x_wconf 89' lang='lat' dir='ltr'>enim,</span> <span class='ocrx_word' id='word_1_114' title='bbox 1396 1395 1450 1433; x_wconf 89' lang='lat' dir='ltr'>ut</span> <span class='ocrx_word' id='word_1_115' title='bbox 1465 1386 1624 1435; x_wconf 83' lang='lat' dir='ltr'>aieba-</span> 
     </span>
     <span class='ocr_line' id='line_1_16' title="bbox 199 1461 1625 1530; baseline 0.001 -21"><span class='ocrx_word' id='word_1_116' title='bbox 199 1477 335 1521; x_wconf 88' lang='lat' dir='ltr'>mus,</span> <span class='ocrx_word' id='word_1_117' title='bbox 362 1461 423 1509; x_wconf 92' lang='lat' dir='ltr'>de</span> <span class='ocrx_word' id='word_1_118' title='bbox 453 1463 659 1528; x_wconf 86' lang='lat' dir='ltr'>propriis</span> <span class='ocrx_word' id='word_1_119' title='bbox 691 1471 1028 1527; x_wconf 60' lang='lat' dir='ltr'>praesumentes</span> <span class='ocrx_word' id='word_1_120' title='bbox 1061 1463 1263 1524; x_wconf 88' lang='lat' dir='ltr'>meritis,</span> <span class='ocrx_word' id='word_1_121' title='bbox 1299 1480 1457 1527; x_wconf 90' lang='lat' dir='ltr'>neque</span> <span class='ocrx_word' id='word_1_122' title='bbox 1481 1481 1625 1530; x_wconf 88' lang='lat' dir='ltr'>super</span> 
     </span>
     <span class='ocr_line' id='line_1_17' title="bbox 200 1539 1626 1605; baseline 0.002 -19"><span class='ocrx_word' id='word_1_123' title='bbox 200 1539 268 1587; x_wconf 87' lang='lat' dir='ltr'>eis</span> <span class='ocrx_word' id='word_1_124' title='bbox 291 1539 597 1604; x_wconf 87' lang='lat' dir='ltr'>disceptaturi</span> <span class='ocrx_word' id='word_1_125' title='bbox 615 1540 692 1587; x_wconf 76' lang='lat' dir='ltr'>vel</span> <span class='ocrx_word' id='word_1_126' title='bbox 714 1539 841 1605; x_wconf 91' lang='lat' dir='ltr'>apud</span> <span class='ocrx_word' id='word_1_127' title='bbox 866 1556 1026 1603; x_wconf 90' lang='lat' dir='ltr'>regem</span> <span class='ocrx_word' id='word_1_128' title='bbox 1048 1556 1138 1587; x_wconf 87' lang='lat' dir='ltr'>nos</span> <span class='ocrx_word' id='word_1_129' title='bbox 1165 1540 1462 1605; x_wconf 85' lang='lat' dir='ltr'>justificaturi</span> <span class='ocrx_word' id='word_1_130' title='bbox 1478 1579 1490 1601; x_wconf 97' lang='lat'>,</span> <span class='ocrx_word' id='word_1_131' title='bbox 1517 1543 1626 1589; x_wconf 89' lang='lat' dir='ltr'>licet</span> 
     </span>
     <span class='ocr_line' id='line_1_18' title="bbox 201 1617 1625 1682; baseline 0.002 -18"><span class='ocrx_word' id='word_1_132' title='bbox 201 1617 377 1664; x_wconf 87' lang='lat' dir='ltr'>nullius</span> <span class='ocrx_word' id='word_1_133' title='bbox 411 1634 606 1682; x_wconf 88' lang='lat' dir='ltr'>prorsus</span> <span class='ocrx_word' id='word_1_134' title='bbox 634 1618 814 1665; x_wconf 86' lang='lat' dir='ltr'>conscii</span> <span class='ocrx_word' id='word_1_135' title='bbox 847 1618 1059 1666; x_wconf 89' lang='lat' dir='ltr'>criminis</span> <span class='ocrx_word' id='word_1_136' title='bbox 1089 1634 1321 1680; x_wconf 87' lang='lat' dir='ltr'>essemus,</span> <span class='ocrx_word' id='word_1_137' title='bbox 1356 1620 1625 1667; x_wconf 86' lang='lat' dir='ltr'>revertendi</span> 
     </span>
     <span class='ocr_line' id='line_1_19' title="bbox 201 1695 1629 1760; baseline 0.001 -18"><span class='ocrx_word' id='word_1_138' title='bbox 201 1695 454 1743; x_wconf 86' lang='lat' dir='ltr'>consilium</span> <span class='ocrx_word' id='word_1_139' title='bbox 490 1711 848 1760; x_wconf 80' lang='lat' dir='ltr'>acceperamus3</span> <span class='ocrx_word' id='word_1_140' title='bbox 883 1696 967 1743; x_wconf 87' lang='lat' dir='ltr'>sed</span> <span class='ocrx_word' id='word_1_141' title='bbox 1002 1695 1064 1743; x_wconf 90' lang='lat' dir='ltr'>de</span> <span class='ocrx_word' id='word_1_142' title='bbox 1101 1696 1204 1743; x_wconf 90' lang='lat' dir='ltr'>sola</span> <span class='ocrx_word' id='word_1_143' title='bbox 1238 1696 1360 1759; x_wconf 84' lang='lat' dir='ltr'>regis</span> <span class='ocrx_word' id='word_1_144' title='bbox 1395 1698 1542 1759; x_wconf 83' lang='lat' dir='ltr'>gratia</span> <span class='ocrx_word' id='word_1_145' title='bbox 1581 1706 1629 1744; x_wconf 89' lang='lat' dir='ltr'>et</span> 
     </span>
     <span class='ocr_line' id='line_1_20' title="bbox 202 1771 1628 1838; baseline 0.003 -19"><span class='ocrx_word' id='word_1_146' title='bbox 202 1771 453 1820; x_wconf 84' lang='lat' dir='ltr'>clementia</span> <span class='ocrx_word' id='word_1_147' title='bbox 473 1772 664 1833; x_wconf 76' lang='lat' dir='ltr'>confisi3</span> <span class='ocrx_word' id='word_1_148' title='bbox 702 1788 850 1835; x_wconf 86' lang='lat' dir='ltr'>quam</span> <span class='ocrx_word' id='word_1_149' title='bbox 872 1788 986 1820; x_wconf 88' lang='lat' dir='ltr'>sane</span> <span class='ocrx_word' id='word_1_150' title='bbox 1010 1782 1110 1820; x_wconf 89' lang='lat' dir='ltr'>tam</span> <span class='ocrx_word' id='word_1_151' title='bbox 1137 1774 1348 1838; x_wconf 89' lang='lat' dir='ltr'>amplam</span> <span class='ocrx_word' id='word_1_152' title='bbox 1364 1811 1378 1835; x_wconf 89' lang='lat'>,</span> <span class='ocrx_word' id='word_1_153' title='bbox 1422 1785 1523 1822; x_wconf 89' lang='lat' dir='ltr'>tam</span> <span class='ocrx_word' id='word_1_154' title='bbox 1553 1792 1628 1823; x_wconf 83' lang='lat' dir='ltr'>ex-</span> 
     </span>
     <span class='ocr_line' id='line_1_21' title="bbox 203 1850 1628 1914; baseline 0.003 -18"><span class='ocrx_word' id='word_1_155' title='bbox 203 1865 413 1914; x_wconf 86' lang='lat' dir='ltr'>pressam</span> <span class='ocrx_word' id='word_1_156' title='bbox 430 1885 444 1910; x_wconf 90' lang='lat'>,</span> <span class='ocrx_word' id='word_1_157' title='bbox 469 1859 568 1898; x_wconf 89' lang='lat' dir='ltr'>tam</span> <span class='ocrx_word' id='word_1_158' title='bbox 588 1850 768 1912; x_wconf 86' lang='lat' dir='ltr'>largam</span> <span class='ocrx_word' id='word_1_159' title='bbox 788 1859 930 1914; x_wconf 90' lang='lat' dir='ltr'>atque</span> <span class='ocrx_word' id='word_1_160' title='bbox 956 1850 1225 1912; x_wconf 86' lang='lat' dir='ltr'>generalem</span> <span class='ocrx_word' id='word_1_161' title='bbox 1246 1850 1458 1899; x_wconf 82' lang='lat' dir='ltr'>edixerat</span> <span class='ocrx_word' id='word_1_162' title='bbox 1484 1862 1532 1899; x_wconf 93' lang='lat' dir='ltr'>et</span> <span class='ocrx_word' id='word_1_163' title='bbox 1551 1869 1628 1900; x_wconf 86' lang='lat' dir='ltr'>so—</span> 
     </span>
     <span class='ocr_line' id='line_1_22' title="bbox 203 1925 1625 1992; baseline 0.002 -18"><span class='ocrx_word' id='word_1_164' title='bbox 203 1926 422 1974; x_wconf 86' lang='lat' dir='ltr'>lemniter</span> <span class='ocrx_word' id='word_1_165' title='bbox 441 1925 674 1992; x_wconf 87' lang='lat' dir='ltr'>publicari</span> <span class='ocrx_word' id='word_1_166' title='bbox 696 1926 876 1991; x_wconf 90' lang='lat' dir='ltr'>ubique</span> <span class='ocrx_word' id='word_1_167' title='bbox 903 1943 989 1992; x_wconf 89' lang='lat' dir='ltr'>per</span> <span class='ocrx_word' id='word_1_168' title='bbox 1016 1936 1171 1974; x_wconf 87' lang='lat' dir='ltr'>totum</span> <span class='ocrx_word' id='word_1_169' title='bbox 1198 1944 1398 1991; x_wconf 89' lang='lat' dir='ltr'>regnum</span> <span class='ocrx_word' id='word_1_170' title='bbox 1422 1929 1597 1978; x_wconf 87' lang='lat' dir='ltr'>fecerat</span> <span class='ocrx_word' id='word_1_171' title='bbox 1612 1966 1625 1988; x_wconf 91' lang='lat'>‚</span> 
     </span>
     <span class='ocr_line' id='line_1_23' title="bbox 205 1998 1631 2071; baseline 0.001 -19"><span class='ocrx_word' id='word_1_172' title='bbox 205 2013 259 2052; x_wconf 89' lang='lat' dir='ltr'>ut</span> <span class='ocrx_word' id='word_1_173' title='bbox 272 2004 482 2069; x_wconf 87' lang='lat' dir='ltr'>ancipitii</span> <span class='ocrx_word' id='word_1_174' title='bbox 496 1998 570 2051; x_wconf 59' lang='lat' dir='ltr'>vel</span> <span class='ocrx_word' id='word_1_175' title='bbox 580 2003 855 2052; x_wconf 73' lang='lat' dir='ltr'>diffidentiae</span> <span class='ocrx_word' id='word_1_176' title='bbox 864 2020 947 2052; x_wconf 88' lang='lat' dir='ltr'>seu</span> <span class='ocrx_word' id='word_1_177' title='bbox 966 2005 1213 2056; x_wconf 84' lang='lat' dir='ltr'>haesitandi</span> <span class='ocrx_word' id='word_1_178' title='bbox 1226 2006 1424 2066; x_wconf 90' lang='lat' dir='ltr'>nemini,</span> <span class='ocrx_word' id='word_1_179' title='bbox 1445 2009 1631 2071; x_wconf 90' lang='lat' dir='ltr'>quomi-</span> 
     </span>
     <span class='ocr_line' id='line_1_24' title="bbox 205 2081 1630 2146; baseline 0.002 -17"><span class='ocrx_word' id='word_1_180' title='bbox 205 2098 297 2129; x_wconf 89' lang='lat' dir='ltr'>nus</span> <span class='ocrx_word' id='word_1_181' title='bbox 313 2081 375 2129; x_wconf 92' lang='lat' dir='ltr'>ad</span> <span class='ocrx_word' id='word_1_182' title='bbox 388 2097 495 2129; x_wconf 91' lang='lat' dir='ltr'>eam</span> <span class='ocrx_word' id='word_1_183' title='bbox 510 2081 808 2129; x_wconf 84' lang='lat' dir='ltr'>confidenter</span> <span class='ocrx_word' id='word_1_184' title='bbox 825 2082 1116 2146; x_wconf 83' lang='lat' dir='ltr'>confugeret,</span> <span class='ocrx_word' id='word_1_185' title='bbox 1132 2083 1267 2130; x_wconf 91' lang='lat' dir='ltr'>locus</span> <span class='ocrx_word' id='word_1_186' title='bbox 1286 2084 1474 2132; x_wconf 84' lang='lat' dir='ltr'>relictus</span> <span class='ocrx_word' id='word_1_187' title='bbox 1490 2085 1630 2132; x_wconf 86' lang='lat' dir='ltr'>fuisse</span> 
     </span>
     <span class='ocr_line' id='line_1_25' title="bbox 184 2156 1627 2226; baseline 0.002 -20"><span class='ocrx_word' id='word_1_188' title='bbox 184 2156 187 2157; x_wconf 39' lang='lat'><em>⁷</em></span> <span class='ocrx_word' id='word_1_189' title='bbox 206 2157 465 2207; x_wconf 80' lang='lat' dir='ltr'>videretur.</span> <span class='ocrx_word' id='word_1_190' title='bbox 488 2158 626 2206; x_wconf 90' lang='lat' dir='ltr'>Unde</span> <span class='ocrx_word' id='word_1_191' title='bbox 644 2159 886 2206; x_wconf 88' lang='lat' dir='ltr'>humiliter</span> <span class='ocrx_word' id='word_1_192' title='bbox 909 2160 1065 2206; x_wconf 86' lang='lat' dir='ltr'>solum</span> <span class='ocrx_word' id='word_1_193' title='bbox 1083 2160 1201 2207; x_wconf 89' lang='lat' dir='ltr'>illud</span> <span class='ocrx_word' id='word_1_194' title='bbox 1223 2161 1627 2226; x_wconf 70' lang='lat' dir='ltr'>supplicabamuS,</span> 
     </span>
     <span class='ocr_line' id='line_1_26' title="bbox 207 2237 1632 2305; baseline 0.002 -20"><span class='ocrx_word' id='word_1_195' title='bbox 207 2246 262 2285; x_wconf 86' lang='lat' dir='ltr'>ut</span> <span class='ocrx_word' id='word_1_196' title='bbox 289 2237 460 2285; x_wconf 89' lang='lat' dir='ltr'>eadem</span> <span class='ocrx_word' id='word_1_197' title='bbox 483 2237 777 2300; x_wconf 86' lang='lat' dir='ltr'>indulgentia</span> <span class='ocrx_word' id='word_1_198' title='bbox 805 2238 949 2302; x_wconf 89' lang='lat' dir='ltr'>potiri</span> <span class='ocrx_word' id='word_1_199' title='bbox 970 2238 1098 2300; x_wconf 88' lang='lat' dir='ltr'>regia</span> <span class='ocrx_word' id='word_1_200' title='bbox 1119 2239 1370 2287; x_wconf 85' lang='lat' dir='ltr'>clementia</span> <span class='ocrx_word' id='word_1_201' title='bbox 1397 2256 1486 2288; x_wconf 88' lang='lat' dir='ltr'>nos</span> <span class='ocrx_word' id='word_1_202' title='bbox 1512 2256 1632 2305; x_wconf 88' lang='lat' dir='ltr'>per-</span> 
     </span>
     <span class='ocr_line' id='line_1_27' title="bbox 209 2315 1631 2382; baseline 0.001 -18"><span class='ocrx_word' id='word_1_203' title='bbox 209 2315 394 2364; x_wconf 87' lang='lat' dir='ltr'>mittere</span> <span class='ocrx_word' id='word_1_204' title='bbox 415 2315 705 2379; x_wconf 83' lang='lat' dir='ltr'>dignaretur,</span> <span class='ocrx_word' id='word_1_205' title='bbox 730 2325 777 2362; x_wconf 87' lang='lat' dir='ltr'>et</span> <span class='ocrx_word' id='word_1_206' title='bbox 802 2316 1003 2363; x_wconf 90' lang='lat' dir='ltr'>tolerare</span> <span class='ocrx_word' id='word_1_207' title='bbox 1027 2333 1116 2363; x_wconf 91' lang='lat' dir='ltr'>nos</span> <span class='ocrx_word' id='word_1_208' title='bbox 1137 2317 1390 2381; x_wconf 88' lang='lat' dir='ltr'>tranquille</span> <span class='ocrx_word' id='word_1_209' title='bbox 1411 2327 1459 2365; x_wconf 92' lang='lat' dir='ltr'>et</span> <span class='ocrx_word' id='word_1_210' title='bbox 1474 2319 1631 2382; x_wconf 88' lang='lat' dir='ltr'>quiete</span> 
     </span>
     <span class='ocr_line' id='line_1_28' title="bbox 210 2389 1633 2457; baseline 0.001 -17"><span class='ocrx_word' id='word_1_211' title='bbox 210 2393 260 2440; x_wconf 93' lang='lat' dir='ltr'>in</span> <span class='ocrx_word' id='word_1_212' title='bbox 283 2393 480 2440; x_wconf 88' lang='lat' dir='ltr'>ecclesia</span> <span class='ocrx_word' id='word_1_213' title='bbox 502 2403 664 2441; x_wconf 88' lang='lat' dir='ltr'>nostra</span> <span class='ocrx_word' id='word_1_214' title='bbox 685 2389 890 2440; x_wconf 86' lang='lat' dir='ltr'>residere</span> <span class='ocrx_word' id='word_1_215' title='bbox 905 2429 918 2452; x_wconf 88' lang='lat'>‚</span> <span class='ocrx_word' id='word_1_216' title='bbox 943 2404 1085 2457; x_wconf 90' lang='lat' dir='ltr'>atque</span> <span class='ocrx_word' id='word_1_217' title='bbox 1118 2395 1274 2442; x_wconf 88' lang='lat' dir='ltr'>eidem</span> <span class='ocrx_word' id='word_1_218' title='bbox 1293 2395 1342 2442; x_wconf 90' lang='lat' dir='ltr'>in</span> <span class='ocrx_word' id='word_1_219' title='bbox 1367 2395 1539 2443; x_wconf 89' lang='lat' dir='ltr'>Christi</span> <span class='ocrx_word' id='word_1_220' title='bbox 1563 2395 1633 2442; x_wconf 81' lang='lat' dir='ltr'>fa-</span> 
     </span>
     <span class='ocr_line' id='line_1_29' title="bbox 210 2469 1483 2534; baseline 0 -14"><span class='ocrx_word' id='word_1_221' title='bbox 210 2469 393 2520; x_wconf 81' lang='lat' dir='ltr'>mulatu</span> <span class='ocrx_word' id='word_1_222' title='bbox 410 2471 542 2534; x_wconf 80' lang='lat' dir='ltr'>juxta</span> <span class='ocrx_word' id='word_1_223' title='bbox 563 2471 827 2525; x_wconf 78' lang='lat' dir='ltr'>vocationis</span> <span class='ocrx_word' id='word_1_224' title='bbox 850 2481 1020 2518; x_wconf 87' lang='lat' dir='ltr'>nostrae</span> <span class='ocrx_word' id='word_1_225' title='bbox 1049 2471 1266 2519; x_wconf 88' lang='lat' dir='ltr'>debitum</span> <span class='ocrx_word' id='word_1_226' title='bbox 1291 2473 1483 2520; x_wconf 85' lang='lat' dir='ltr'>servire.</span> 
     </span>
    </p>
   </div>
   <div class='ocr_carea' id='block_1_3' title="bbox 265 2603 1632 2657">
    <p class='ocr_par' dir='ltr' id='par_1_3' title="bbox 265 2603 1632 2657">
     <span class='ocr_line' id='line_1_30' title="bbox 265 2603 1632 2657; baseline 0.003 -15"><span class='ocrx_word' id='word_1_227' title='bbox 265 2604 306 2643; x_wconf 89' lang='grc'>1.</span> <span class='ocrx_word' id='word_1_228' title='bbox 335 2606 497 2643; x_wconf 71' lang='lat' dir='ltr'>Nomine</span> <span class='ocrx_word' id='word_1_229' title='bbox 516 2607 663 2657; x_wconf 75' lang='lat' dir='ltr'>eveque</span> <span class='ocrx_word' id='word_1_230' title='bbox 682 2603 877 2645; x_wconf 79' lang='lat' dir='ltr'>d&#39;Evreux</span> <span class='ocrx_word' id='word_1_231' title='bbox 895 2607 931 2644; x_wconf 90' lang='lat' dir='ltr'>le</span> <span class='ocrx_word' id='word_1_232' title='bbox 950 2609 973 2645; x_wconf 71' lang='lat'><strong>4</strong></span> <span class='ocrx_word' id='word_1_233' title='bbox 996 2607 1137 2646; x_wconf 79' lang='lat' dir='ltr'>sevrier</span> <span class='ocrx_word' id='word_1_234' title='bbox 1157 2610 1277 2656; x_wconf 71' lang='lat'><strong>1465,</strong></span> <span class='ocrx_word' id='word_1_235' title='bbox 1298 2609 1416 2646; x_wconf 89' lang='lat' dir='ltr'>Balue</span> <span class='ocrx_word' id='word_1_236' title='bbox 1436 2610 1632 2646; x_wconf 73' lang='lat' dir='ltr'>suttrans-</span> 
     </span>
    </p>
   </div>
   <div class='ocr_carea' id='block_1_4' title="bbox 213 2661 1633 2847">
    <p class='ocr_par' dir='ltr' id='par_1_4' title="bbox 213 2661 1633 2847">
     <span class='ocr_line' id='line_1_31' title="bbox 213 2661 1633 2724; baseline 0.003 -17"><span class='ocrx_word' id='word_1_237' title='bbox 213 2661 292 2708; x_wconf 77' lang='lat' dir='ltr'>fere</span> <span class='ocrx_word' id='word_1_238' title='bbox 317 2683 366 2708; x_wconf 89' lang='lat' dir='ltr'>au</span> <span class='ocrx_word' id='word_1_239' title='bbox 392 2670 493 2722; x_wconf 70' lang='lat' dir='ltr'>siege</span> <span class='ocrx_word' id='word_1_240' title='bbox 516 2671 701 2723; x_wconf 82' lang='lat' dir='ltr'>d&#39;Angers</span> <span class='ocrx_word' id='word_1_241' title='bbox 724 2686 793 2724; x_wconf 90' lang='lat' dir='ltr'>par</span> <span class='ocrx_word' id='word_1_242' title='bbox 814 2672 938 2711; x_wconf 85' lang='lat' dir='ltr'>bulles</span> <span class='ocrx_word' id='word_1_243' title='bbox 957 2672 1009 2711; x_wconf 89' lang='lat' dir='ltr'>du</span> <span class='ocrx_word' id='word_1_244' title='bbox 1031 2675 1053 2710; x_wconf 88' lang='lat'><strong>7</strong></span> <span class='ocrx_word' id='word_1_245' title='bbox 1068 2673 1193 2720; x_wconf 83' lang='lat' dir='ltr'>juillet</span> <span class='ocrx_word' id='word_1_246' title='bbox 1215 2676 1335 2713; x_wconf 67' lang='lat'><strong>1467.</strong></span> <span class='ocrx_word' id='word_1_247' title='bbox 1367 2674 1459 2711; x_wconf 89' lang='lat' dir='ltr'>Voir</span> <span class='ocrx_word' id='word_1_248' title='bbox 1484 2687 1528 2712; x_wconf 88' lang='lat' dir='ltr'>ce</span> <span class='ocrx_word' id='word_1_249' title='bbox 1557 2687 1633 2724; x_wconf 89' lang='lat' dir='ltr'>que</span> 
     </span>
     <span class='ocr_line' id='line_1_32' title="bbox 213 2732 1630 2783; baseline 0.002 -13"><span class='ocrx_word' id='word_1_250' title='bbox 213 2732 375 2770; x_wconf 76' lang='lat' dir='ltr'>l&#39;auteur</span> <span class='ocrx_word' id='word_1_251' title='bbox 401 2746 424 2770; x_wconf 78' lang='lat' dir='ltr'>a</span> <span class='ocrx_word' id='word_1_252' title='bbox 454 2732 538 2782; x_wconf 64' lang='lat' dir='ltr'>deja</span> <span class='ocrx_word' id='word_1_253' title='bbox 567 2733 622 2771; x_wconf 88' lang='lat' dir='ltr'>dit</span> <span class='ocrx_word' id='word_1_254' title='bbox 648 2733 697 2772; x_wconf 88' lang='lat' dir='ltr'>de</span> <span class='ocrx_word' id='word_1_255' title='bbox 720 2735 774 2773; x_wconf 89' lang='lat' dir='ltr'>lui</span> <span class='ocrx_word' id='word_1_256' title='bbox 793 2734 889 2772; x_wconf 85' lang='lat' dir='ltr'>dans</span> <span class='ocrx_word' id='word_1_257' title='bbox 913 2747 982 2773; x_wconf 86' lang='lat' dir='ltr'>son</span> <span class='ocrx_word' id='word_1_258' title='bbox 1007 2738 1171 2773; x_wconf 65' lang='lat' dir='ltr'>Histoire</span> <span class='ocrx_word' id='word_1_259' title='bbox 1190 2738 1239 2774; x_wconf 84' lang='lat' dir='ltr'>de</span> <span class='ocrx_word' id='word_1_260' title='bbox 1264 2738 1378 2775; x_wconf 78' lang='lat' dir='ltr'>Leuis</span> <span class='ocrx_word' id='word_1_261' title='bbox 1402 2739 1487 2782; x_wconf 84' lang='lat' dir='ltr'>XI,</span> <span class='ocrx_word' id='word_1_262' title='bbox 1520 2746 1547 2776; x_wconf 81' lang='lat' dir='ltr'>t.</span> <span class='ocrx_word' id='word_1_263' title='bbox 1571 2739 1630 2783; x_wconf 93' lang='lat'>11,</span> 
     </span>
     <span class='ocr_line' id='line_1_33' title="bbox 214 2794 981 2847; baseline 0.005 -16"><span class='ocrx_word' id='word_1_264' title='bbox 214 2806 254 2845; x_wconf 87' lang='lat' dir='ltr'>p.</span> <span class='ocrx_word' id='word_1_265' title='bbox 278 2794 353 2833; x_wconf 80' lang='lat'>187</span> <span class='ocrx_word' id='word_1_266' title='bbox 372 2801 412 2833; x_wconf 82' lang='lat' dir='ltr'>et</span> <span class='ocrx_word' id='word_1_267' title='bbox 429 2795 524 2841; x_wconf 76' lang='lat'>210,</span> <span class='ocrx_word' id='word_1_268' title='bbox 544 2802 583 2833; x_wconf 87' lang='lat' dir='ltr'>et</span> <span class='ocrx_word' id='word_1_269' title='bbox 600 2794 805 2844; x_wconf 65' lang='lat' dir='ltr'>‹xi-deum,</span> <span class='ocrx_word' id='word_1_270' title='bbox 825 2809 866 2847; x_wconf 87' lang='lat' dir='ltr'>p.</span> <span class='ocrx_word' id='word_1_271' title='bbox 889 2797 981 2835; x_wconf 81' lang='lat'><strong>173.</strong></span> 
     </span>
    </p>
   </div>
  </div>
 </body>
</html>
