2060 3392
651 274 797 311 unm
825 273 1081 313 snmus.
1502 278 1520 313 ¹
1530 270 1580 315 88

165 381 308 432 super
347 363 684 412 reformatione
735 362 1028 426 gabellarum
1075 364 1186 412 salis
1240 365 1446 412 exercita
1497 377 1584 430 per

165 457 383 508 regnum,
421 451 470 490 et
500 450 688 505 quantoe
726 441 903 505 rapinae
940 441 1185 490 bonorum
1221 452 1363 507 atque
1401 440 1583 506 injurie

165 519 256 570 sub
278 529 504 586 praetextu
532 518 657 566 illius
677 516 1029 568 reformationis
1056 521 1269 568 exercitae
1295 528 1584 586 patrataeque

166 598 365 658 suerint,
399 596 505 660 quis
540 595 713 643 referre
745 595 1033 644 sufficienter
1067 597 1252 663 possit?
1292 597 1431 646 Ibant
1469 598 1585 646 dicti

167 674 447 740 iniquissimi
467 673 804 732 commissarii,
827 673 1055 721 clientum
1079 675 1278 722 catervis
1299 675 1478 740 stipati,
1498 689 1586 741 per

167 754 399 815 civitates,
426 767 513 818 per
534 751 724 799 castella
747 761 796 798 et
816 751 973 814 villas,
998 753 1291 818 passimque,
1313 765 1436 818 quos
1455 753 1586 801 vole·

165 830 285 881 hant
297 841 349 880 et
365 831 450 896 qui
467 845 571 877 rem
585 829 795 893 aliquam
813 828 973 877 adhue
993 828 1170 878 habere
1185 839 1482 895 putarentur,
1496 844 1587 896 pro

166 903 436 959 mlo'libito
464 906 785 968 mulctabant,
813 907 961 955 alium
987 917 1204 970 centum,
1233 908 1379 954 alium
1407 907 1588 956 ducen-

167 988 253 1048 tis,
281 987 430 1035 alium
450 985 795 1051 quinquaginta
819 983 987 1050 [libris]
1013 985 1211 1050 aliisque
1230 986 1372 1034 variis
1392 987 1589 1034 summis

166 1074 380 1113 taxantes
400 1081 412 1111 ε
440 1079 560 1128 quas
583 1061 838 1127 oportebat
858 1062 987 1111 illico
1014 1063 1279 1122 exsolvere,
1317 1063 1392 1110 vel
1413 1078 1590 1130 corpus

167 1142 219 1190 in
245 1157 484 1190 carcerem
505 1139 732 1206 pem-ahi.
759 1143 856 1187 Nec
876 1139 1034 1187 solum
1058 1141 1108 1187 in
1134 1141 1307 1201 laicos,
1339 1141 1423 1188 sed
1444 1142 1494 1188 in
1515 1155 1590 1190 ec-

167 1219 451 1282 clesiasticos
497 1228 545 1266 et
585 1218 874 1280 sacerdotes,
930 1219 1175 1267 saeculares
1217 1228 1266 1265 et
1314 1219 1586 1282 religiosos,

167 1297 356 1344 nobiles
375 1305 424 1344 et
447 1295 708 1360 ignobiles,
732 1295 1066 1359 hujuscemodi
1092 1295 1271 1344 fiebant
1297 1297 1584 1344 exactiones.

168 1375 335 1424 Nullus
354 1376 404 1422 in
422 1375 499 1439 jus
519 1373 799 1433 vocabatur,
829 1390 918 1421 nec
943 1373 1006 1421 de
1035 1388 1201 1434 causa,
1225 1383 1421 1440 propter
1442 1388 1589 1438 quam

167 1452 319 1502 taxari
345 1452 576 1500 deberent
593 1466 682 1507 neu
694 1451 932 1512 mulctari,
952 1451 1342 1517 interponebatur
1357 1452 1585 1516 cognitio.

167 1529 396 1580 Voluntas
412 1530 515 1578 sola
534 1528 751 1596 rapiandi
770 1545 860 1593 pro
879 1530 1014 1576 omni
1031 1544 1184 1577 causae
1204 1530 1478 1594 cognitione
1497 1530 1592 1578 suf·

168 1606 376 1668 finiebat,
407 1623 498 1655 nec
518 1616 619 1654 erat
640 1606 948 1672 appellationi
973 1623 1057 1654 seu
1083 1608 1414 1672 provocationi
1434 1609 1585 1655 locus.

171 1684 244 1735 Ab
267 1686 570 1734 exsecutione
594 1701 684 1733 nec
720 1685 873 1732 otium
888 1687 919 1744 ¹,
947 1701 1038 1731 nec
1060 1684 1286 1732 adversus
1307 1701 1414 1733 eam
1439 1686 1589 1733 ullum

166 1760 287 1828 juria
315 1763 581 1814 remedium
611 1773 728 1811 erat.
762 1761 1073 1810 Inhibebatur
1094 1763 1225 1809 enim
1255 1778 1343 1827 per
1368 1763 1590 1826 hujusce-

172 1839 307 1889 modi
334 1841 485 1903 regias
505 1839 888 1900 commissiones,
926 1855 988 1886 ne
1017 1839 1308 1903 quicumque
1329 1839 1592 1887 ordinario-

171 1963 276 2005 avait
298 1964 419 2004 voulu
436 1964 627 2004 remedier
643 1978 721 2003 aux
738 1964 1029 2004 inconvenients
1043 1965 1108 2018 qui
1126 1965 1351 2004 resultaient
1367 1965 1416 2010 de
1434 1966 1472 2004 la
1489 1965 1590 2005 mol—

172 2027 271 2068 lesse
297 2041 350 2067 ou
373 2027 476 2067 dela
502 2027 664 2066 timidite
693 2027 760 2067 des
789 2028 901 2080 juges
926 2027 1049 2069 civils.
1074 2025 1220 2068 S'c'etant
1236 2041 1380 2081 apereu
1399 2029 1486 2081 plus
1505 2028 1589 2068 tard

150 2122 154 2125 .
173 2104 250 2143 que
268 2091 304 2130 le
320 2092 459 2144 prevot
478 2090 545 2130 des
561 2091 796 2130 marechaux
813 2091 946 2130 n'etait
960 2105 1028 2143 pas
1046 2091 1136 2130 bien
1155 2092 1258 2130 servi
1280 2106 1350 2144 par
1369 2105 1428 2131 ses
1453 2092 1591 2132 liente-

171 2161 285 2193 mu
297 2182 309 2201 ‚
328 2154 355 2192 il
373 2153 480 2192 saisit
502 2154 551 2192 de
572 2165 753 2192 nouveau
767 2181 779 2201 ,
798 2167 869 2206 par
887 2167 940 2192 un
962 2153 1042 2193 edit
1056 2166 1107 2193 en
1124 2154 1213 2194 date
1230 2154 1284 2193 du
1302 2156 1353 2193 13
1372 2155 1450 2194 mai
1470 2156 1590 2203 1470,

172 2215 230 2256 la
269 2216 478 2256 tribunaux
502 2216 716 2255 ordinaires
748 2216 798 2256 de
830 2217 868 2255 la
892 2217 1167 2256 connaissance
1197 2216 1266 2257 des
1295 2217 1408 2256 deliis
1430 2216 1593 2258 commis

174 2289 245 2332 pu
268 2278 325 2318 les
345 2290 439 2332 gens
460 2278 625 2318 d'armes
638 2308 650 2327 ,
679 2291 728 2318 en
752 2278 838 2318 leur
858 2278 1081 2333 adjoignant
1098 2279 1136 2319 le
1153 2279 1342 2332 capitaine
1361 2279 1466 2320 dela
1483 2291 1594 2320 com-

174 2340 314 2394 pagnie
337 2354 389 2380 ou
407 2353 458 2381 au
482 2342 606 2380 moins
629 2354 683 2380 un
704 2341 797 2380 chef
817 2341 866 2380 de
894 2342 1093 2382 chambre.
1111 2342 1144 2381 Il
1171 2343 1362 2396 exceptait
1379 2342 1595 2382 seulement

175 2402 214 2442 le
244 2416 308 2443 cas
331 2407 383 2442 οὺ
412 2404 494 2443 l'un
518 2404 586 2443 des
618 2405 850 2444 marechaux
881 2405 930 2444 de
956 2408 1102 2446 France
1130 2405 1246 2445 serait
1269 2407 1446 2458 present,
1477 2417 1594 2459 parce

177 2465 344 2518 qu’alors
363 2467 489 2507 c’etait
503 2481 553 2507 au
570 2469 764 2508 marechal
786 2469 835 2509 de
853 2469 999 2509 chatier
1016 2470 1072 2510 les
1092 2468 1320 2523 coupables3
1343 2469 1439 2510 mais
1453 2468 1491 2509 le
1509 2482 1592 2508 ma-

178 2527 307 2567 recha}
325 2529 374 2568 de
392 2542 463 2568 son
480 2531 565 2569 eote
584 2531 714 2570 devait
732 2532 928 2570 accueillir
945 2532 1001 2572 les
1019 2532 1183 2585 plaintes
1207 2533 1275 2572 des
1292 2533 1405 2586 juges
1422 2533 1564 2571 locaux
1580 2561 1592 2579 ,

177 2597 217 2629 et
233 2591 359 2629 meme
376 2590 432 2630 les
449 2592 547 2632 faire
564 2593 718 2632 assister
735 2596 757 2632 a
779 2607 838 2633 ses
857 2607 996 2634 revues
1018 2609 1119 2648 pour
1133 2595 1246 2649 qu’ils
1261 2595 1318 2635 lui
1334 2595 1596 2647 designassent

178 2651 235 2691 les
245 2652 419 2692 hommes
437 2663 570 2694 contre
584 2655 748 2708 lesquels
760 2657 787 2696 il
801 2672 826 2709 y
837 2658 941 2696 avait
958 2658 1126 2712 quelque
1139 2659 1254 2699 chose
1272 2661 1293 2698 a
1308 2659 1404 2697 dire.
1423 2658 1591 2696 ordonn.

177 2716 245 2752 des
266 2719 341 2753 mis
358 2717 407 2753 de
425 2718 568 2755 France
581 2747 593 2766 ,
612 2725 641 2756 t.
664 2720 789 2768 xvn,
811 2734 851 2772 p.
871 2721 963 2759 291...

232 2779 248 2814 1
263 2805 271 2814 .
303 2779 376 2816 Ms.
396 2776 444 2814 ab
462 2783 680 2817 executione
698 2785 897 2831 negotium.
