2060 3392
470 294 519 330 30
833 290 1172 329 ffls'romARUM
1201 291 1264 328 ω
1271 281 1438 328 Dovlct
1466 291 1522 329 x1

467 379 611 428 etiam
628 379 804 427 civium
818 367 1162 443 proscripsisse,
1183 387 1230 424 et
1250 378 1510 426 nonnullos
1530 378 1684 444 capite
1695 379 1855 445 puniri
1869 419 1883 443 ,

466 474 600 504 secus
615 473 671 504 ac
686 465 823 521 pacta
844 454 1097 502 deditionis
1115 454 1370 516 habereut,
1391 472 1421 504 a
1440 456 1599 504 multis
1624 457 1879 507 ferebatur.

468 535 561 583 Sed
579 552 641 583 an
660 536 725 582 ita
746 533 884 581 fuerit
908 534 1062 594 velue,
1084 544 1384 600 compertum
1405 536 1532 594 satis,
1557 545 1610 584 ut
1627 535 1742 585 inde
1763 553 1887 586 asse-

467 629 570 662 rere
595 612 857 677 quidquam
885 611 1102 673 velimus‚
1129 613 1350 661 nondum
1382 613 1561 661 hahere
1597 614 1880 679 potuimus¹.

532 690 842 735 Cameracum
857 703 988 747 vem,
1004 702 1108 751 quae
1125 687 1288 736 civitas
1309 698 1378 735 est
1390 689 1664 753 imperialis,
1680 689 1744 737 ad
1765 690 1887 754 regis

465 774 636 812 nutum
660 781 709 812 se
727 764 1012 830 hospitalem
1033 765 1131 829 regi
1160 774 1303 829 atque
1325 766 1420 813 suis
1437 765 1661 830 praebuit,
1683 767 1813 815 nulla
1834 769 1885 815 in

464 831 713 892 adversum
734 843 1092 891 resistentiaivel
1114 844 1340 892 dilatione
1368 844 1479 892 data
1495 864 1510 904 ς
1539 846 1623 893 sed
1641 844 1881 895 nihilomi-

463 937 552 968 nus
569 937 716 984 arege
737 937 914 985 magno
936 921 1039 970 auri
1056 922 1222 986 pondo
1246 932 1293 969 et
1310 923 1412 988 ipsa
1429 923 1656 972 mulctata
1682 925 1855 973 exstitit
1867 963 1881 987 ,

462 997 523 1044 ad
562 1015 798 1046 summam
834 1015 890 1046 η
922 999 1070 1046 millia
1095 1009 1337 1050 scutorum
1373 1001 1492 1048 auri.
1534 1004 1590 1048 Et
1622 1002 1883 1067 imperialia

461 1090 611 1137 arma,
626 1092 730 1139 quae
743 1075 805 1124 ab
819 1076 1017 1139 antiquo
1035 1077 1085 1123 in
1100 1067 1249 1141 portis
1269 1077 1469 1126 civitatis
1488 1089 1639 1140 erant,
1657 1079 1883 1129 mandato

461 1153 591 1216 regio
613 1153 846 1215 detracta,
872 1171 1051 1218 suaque
1073 1154 1192 1202 inibi
1207 1155 1441 1203 collocata
1456 1156 1662 1204 fuerunt.
1689 1157 1881 1206 Dictum

464 1240 624 1278 tamen
670 1231 980 1296 postmodum
1015 1232 1284 1283 audivimus
1323 1232 1476 1297 (quod
1507 1251 1597 1299 pro
1619 1245 1751 1282 certo
1779 1251 1880 1283 non

458 1309 736 1373 habemus²)
756 1309 888 1373 quod
913 1326 1011 1370 rex,
1034 1327 1145 1356 cum
1168 1310 1384 1375 praesidia
1400 1311 1627 1373 militum,
1643 1329 1766 1376 quos
1787 1312 1882 1360 illic

458 1383 708 1445 habuerat,
722 1383 784 1431 ad
797 1400 845 1431 se
858 1386 1161 1446 revocasset³‚
1180 1386 1283 1450 ipsa
1307 1386 1568 1451 imperialia
1584 1403 1733 1449 arma,
1747 1388 1881 1451 juxta

459 1459 710 1521 antiquum
725 1456 912 1506 morehl
925 1475 980 1506 ac
993 1468 1254 1522 vetustum,
1273 1461 1441 1524 reponi
1471 1470 1613 1524 atque
1630 1461 1879 1510 instaurari

453 1532 686 1595 jussisset3
725 1548 1002 1596 quanquam
1016 1534 1030 1557 ⁶
1056 1533 1199 1581 etiam
1242 1534 1500 1598 quemdam
1531 1536 1832 1600 capitaneum
1844 1539 1875 1596 ¹⁵,

457 1623 601 1670 quem
627 1607 689 1655 ad
710 1608 856 1673 ipsius
894 1608 1092 1656 civitatis
1129 1609 1396 1657 custodiam
1440 1610 1712 1676 deputarat,
1746 1611 1878 1660 dam-

458 1691 611 1728 nasset
632 1683 874 1730 restituere
899 1701 996 1733 xxx
1021 1684 1168 1732 millia
1188 1694 1430 1732 scutorum
1452 1687 1577 1747 auri,
1610 1703 1714 1750 quae
1735 1689 1878 1738 variis

458 1759 633 1823 rapinis
647 1769 695 1806 et
706 1760 1101 1809 concussionibus
1116 1761 1176 1808 de
1194 1761 1334 1809 bonis
1350 1763 1555 1811 ecclesiae
1570 1767 1878 1813 Cameracen-

457 1835 518 1881 sis
539 1845 813 1884 extorserat.
834 1839 976 1885 Fama
996 1836 1126 1885 ‘enim
1148 1839 1352 1886 multum
1369 1840 1633 1888 invaluerat
1648 1841 1781 1906 quod
1795 1858 1876 1890 rex

511 1972 529 2007 1
541 1999 549 2008 .
580 1972 635 2008 Le
653 1971 814 2010 Journal
831 1960 880 2017 de
891 1971 1038 2011 Gerard
1056 1971 1203 2011 Robert
1220 1986 1270 2012 ne
1292 1975 1514 2014 mentionne
1528 1990 1596 2028 pas
1612 1976 1760 2016 d’autre
1779 1976 1875 2018 ban-

456 2031 664 2070 nissement
692 2046 768 2084 que
789 2033 888 2072 celui
914 2033 982 2072 des
1010 2034 1174 2073 officiers
1195 2035 1243 2074 de
1269 2036 1445 2089 l'abbaye
1466 2038 1514 2077 de
1537 2040 1786 2088 saint-Vaast,
1809 2039 1875 2091 qui

456 2094 608 2132 avaient
620 2094 745 2134 refuse
760 2095 808 2134 de
820 2108 939 2148 payer
952 2097 1037 2135 leur
1048 2106 1134 2136 cote
1148 2098 1196 2137 de
1210 2099 1247 2137 la
1259 2099 1517 2139 contribution
1530 2101 1596 2140 des
1614 2104 1664 2142 40
1675 2104 1753 2142 000
1766 2103 1870 2141 ecus.

456 2157 500 2196 P.
520 2157 587 2196 21.

510 2221 549 2259 2.
580 2219 738 2258 Molinet
754 2233 804 2258 ne
825 2219 893 2259 fait
913 2233 1040 2260 aucun
1062 2222 1178 2261 doute
1200 2223 1408 2263 la-dessus.
1434 2226 1465 2264 Il
1483 2234 1664 2278 rapporte
1682 2227 1807 2265 meme
1826 2241 1873 2265 en

455 2282 563 2332 quels
594 2291 733 2319 termes
759 2282 874 2320 Louis
898 2286 956 2322 XI
977 2284 1105 2322 donna
1124 2298 1202 2323 aux
1220 2286 1483 2325 Cambresiens
1509 2287 1650 2326 l'ordre
1670 2288 1764 2327 dont
1780 2289 1807 2328 il
1825 2303 1874 2328 va

455 2344 535 2382 etre
553 2343 659 2396 parle
681 2358 690 2381 z
716 2359 735 2378 α
753 2346 815 2382 Au
834 2345 971 2396 regard
998 2345 1046 2384 de
1067 2359 1141 2384 noz
1165 2360 1310 2396 armes,
1331 2363 1427 2387 vous
1455 2350 1509 2387 les
1534 2359 1680 2388 osterez
1706 2352 1874 2403 quelque

455 2405 547 2452 soir,
578 2414 615 2443 et
640 2419 665 2456 y
694 2406 842 2457 logerez
864 2415 993 2445 vostre
1011 2407 1156 2456 oiseau,
1178 2418 1216 2447 et
1241 2409 1343 2449 direz
1361 2411 1454 2462 qu’il
1472 2424 1556 2459 sera
1582 2413 1655 2450 alle
1678 2412 1790 2461 jouer
1819 2427 1872 2453 un

455 2480 590 2518 espace
609 2467 657 2506 de
676 2476 798 2519 temps
811 2497 821 2515 ‚
844 2478 881 2507 et
902 2483 985 2507 sera
1005 2472 1187 2509 retourne
1212 2486 1259 2510 en
1286 2487 1355 2512 son
1377 2474 1468 2521 lieu,
1493 2475 1589 2512 ainsi
1613 2488 1688 2526 que
1709 2476 1792 2514 font
1818 2477 1872 2516 les

454 2528 683 2577 arondelles‚
705 2531 770 2582 qui
790 2531 1016 2570 reviennent
1037 2545 1102 2570 sur
1120 2534 1156 2571 le
1177 2535 1403 2588 printemps.
1427 2553 1444 2570 ι»
1465 2539 1509 2574 Τ.
1530 2540 1590 2584 ΙΙ,
1612 2537 1674 2576 ch.
1696 2552 1806 2578 Lvm.

508 2596 546 2634 3.
578 2594 607 2631 11
638 2594 693 2632 les
722 2607 898 2634 emmena
926 2596 1137 2644 lui-meme,
1162 2598 1266 2637 etant
1288 2599 1361 2638 alle
1386 2602 1407 2637 ἐι
1432 2599 1624 2650 Cambrai,
1654 2602 1690 2640 le
1717 2604 1767 2640 10
1787 2603 1871 2652 juin

455 2658 573 2697 1478.

507 2721 544 2758 4.
577 2719 705 2757 Plutot
721 2722 907 2771 quodque.

508 2784 544 2820 5.
576 2782 690 2820 Louis
713 2785 899 2832 Maraffin,
921 2785 1096 2838 seigneur
1114 2787 1162 2826 de
1182 2787 1218 2826 la
1235 2788 1399 2830 Charite.
