2060 3392
618 277 765 315 LIBER
794 275 999 313 SEXTUS.
1439 278 1515 314 ¹09

105 367 195 415 tuti
216 382 274 414 ac
293 365 446 414 securi
472 365 522 412 in
545 364 641 412 suis
670 373 917 411 manerent
938 362 1160 411 domibus
1175 399 1188 424 ,
1210 363 1340 428 apud
1361 364 1519 412 civita-

103 445 164 493 tis
198 454 405 493 rectores
435 459 535 491 sese
563 442 766 508 pecunia
796 440 1129 503 redemissent,
1165 451 1213 489 et
1245 441 1335 488 sub
1370 442 1519 506 pactis

102 522 345 589 promissae
379 521 446 568 eis
479 519 764 580 securitatis,
792 518 912 565 nihil
932 518 1104 565 hostile
1137 534 1166 566 a
1198 518 1385 566 civitate
1418 535 1517 566 me-

104 608 317 661 tuentoe,
353 600 492 662 agros
533 614 644 650 suos
680 597 912 657 colerent,
953 595 1106 643 dictus
1143 595 1486 659 Enghelbertus
1502 634 1514 655 ‚

104 691 355 742 pommus
387 691 417 722 a
445 674 689 721 nonnullis
716 674 812 720 suis
845 672 1124 721 satellitibus
1155 673 1287 737 quod
1324 682 1518 738 pactum

102 769 190 820 per
209 769 294 802 eos
313 769 426 801 cum
445 753 633 800 civitate
650 762 940 799 conventum
952 788 964 810 ,
987 752 1076 798 nisi
1094 767 1143 798 se
1162 750 1225 798 ab
1247 767 1306 798 eo
1322 750 1519 798 redime-

103 841 213 880 rent
226 834 267 894 ¹,
298 832 494 880 minime
515 830 605 879 sibi
634 829 860 895 prodesse
894 829 1110 889 deberet,
1136 830 1334 895 stipatus
1360 830 1519 878 multis

102 909 333 971 rutheris,
362 909 426 957 ad
451 925 535 957 eos
558 907 842 974 praedandos
865 918 1007 972 atque
1037 907 1330 973 diripiendos
1358 909 1513 955 exivit.

105 987 203 1046 Qui
227 1004 342 1036 cum
371 987 492 1035 nihil
507 987 679 1035 hostile
704 987 994 1052 suspicantes
1008 1024 1021 1048 ‚
1047 1003 1147 1034 non
1169 997 1410 1034 curassent
1434 1004 1513 1034 ne-

103 1081 200 1128 que
219 1063 355 1114 bona
377 1081 463 1113 sua
483 1064 714 1113 divertere
739 1074 821 1112 aut
843 1065 1060 1112 occulere
1076 1102 1088 1126 ,
1116 1063 1426 1111 nihilominus
1450 1064 1520 1111 di-

103 1142 256 1207 reptis
287 1152 337 1191 et
370 1142 516 1208 raptis
549 1158 859 1205 quaecumque
891 1141 1070 1189 habere
1102 1150 1355 1206 potuerant
1371 1176 1384 1200 ,
1418 1157 1519 1188 non

103 1217 356 1268 foederatos
393 1218 484 1266 sibi
522 1228 603 1266 aut
641 1217 893 1283 pacificos,
937 1217 1020 1265 sed
1049 1218 1209 1265 hostes
1244 1217 1520 1265 saevissimos

103 1295 384 1361 adventasse
413 1305 674 1344 senserunt.
702 1296 795 1353 Qui
817 1312 906 1342 nec
933 1295 1143 1343 contenti
1165 1294 1325 1360 praeda
1345 1305 1392 1342 et
1411 1311 1519 1360 spo-

103 1373 180 1421 liis
192 1374 493 1435 miserormn,
509 1373 652 1421 etiam
670 1389 838 1420 eorum
855 1372 1027 1420 domos
1043 1382 1089 1420 et
1106 1371 1377 1420 habitacula
1391 1372 1521 1420 flam-

105 1450 198 1500 mis
218 1450 474 1499 voracibus
495 1449 809 1498 tradiderunt.

168 1532 278 1577 Haec
304 1529 391 1577 fuit
412 1530 567 1596 prima
597 1529 860 1594 expeditio,
895 1527 998 1574 haec
1034 1529 1188 1594 prima
1221 1531 1519 1593 congressio,

103 1622 251 1673 quam
273 1624 360 1672 per
383 1608 684 1672 semetipsum
714 1606 870 1654 dictus
900 1605 1267 1670 Enghelbertus,
1300 1607 1521 1656 defensor

103 1684 288 1733 fllturus
308 1685 495 1751 patriae,
531 1685 662 1744 fecit3
698 1685 757 1732 de
788 1700 884 1748 qua
916 1684 966 1730 in
997 1684 1233 1732 civitatem
1259 1678 1544 1749 Trajecten->

104 1779 203 1810 sem
220 1798 233 1822 ,
273 1779 379 1828 quae
418 1762 555 1810 dictis
595 1761 861 1809 infelicibus
897 1761 991 1808 suis
1032 1759 1176 1808 fidam
1220 1761 1519 1809 securitatem

106 1839 478 1903 venumdederat
493 1875 505 1898 ,
530 1839 754 1904 praeclara
772 1838 970 1902 hujusce
989 1848 1167 1903 tropaea
1194 1839 1483 1903 importavit.

168 1917 393 1966 Tentavit.
428 1926 587 1964 autem
632 1915 760 1962 idem
804 1914 1175 1978 Enghelbertus,
1222 1916 1320 1962 imo
1361 1916 1521 1981 potius

105 2003 311 2042 rectores
332 1995 533 2043 civitatis
571 2004 618 2041 et
657 1992 871 2041 factionis
902 1992 1072 2053 duces,
1112 1993 1274 2040 accitis
1306 2009 1364 2041 ex
1396 2002 1519 2041 terra

0 2137 5 2145 .
28 2087 31 2090 ·
106 2062 310 2120 Clivensi
338 2074 487 2138 copiis
503 2108 515 2132 ,
550 2088 668 2135 quas
701 2071 878 2119 eisdem
908 2071 1004 2118 dux
1042 2071 1269 2119 Clivensis
1310 2072 1360 2119 in
1390 2073 1523 2120 auxi-

105 2148 223 2197 lium
254 2150 471 2210 miserat,
487 2150 676 2215 ‘pariter
709 2166 819 2195 cum
853 2149 949 2196 suis
964 2184 976 2207 ,
1011 2158 1110 2196 tam
1141 2149 1343 2196 rutheris
1375 2165 1522 2213 quam

107 2226 312 2286 civibus,
338 2243 461 2292 quos
480 2243 591 2275 cum
615 2225 910 2273 Clivensibus
936 2225 1303 2289 adjunxerant²,
1338 2227 1412 2274 vel
1442 2243 1523 2274 ex-

106 2304 421 2369 pugnatione,
455 2303 528 2352 ve]
566 2303 680 2351 alias
716 2303 957 2351 deditione
994 2304 1088 2351 loci
1131 2304 1399 2352 incolarum
1431 2304 1522 2352 sibi

107 2383 350 2446 acquirere
365 2392 412 2430 et
433 2383 508 2430 sui
526 2382 644 2446 juris
665 2381 849 2429 efficere
872 2381 1156 2446 oppidulum
1188 2381 1248 2430 de
1269 2382 1488 2429 Iselstein
1504 2419 1516 2442 ,

108 2476 138 2509 a
157 2461 345 2509 civitate
375 2477 474 2508 non
503 2461 706 2526 amplius
735 2477 834 2507 uno
867 2460 1054 2508 milliari
1077 2461 1238 2525 patriae
1262 2470 1515 2507 remotum.

110 2541 222 2586 Erat
241 2539 370 2586 enim
390 2539 486 2585 illic
509 2537 779 2603 praesidium
801 2538 1004 2585 militum
1029 2539 1139 2586 satis
1160 2539 1380 2586 infestum
1409 2538 1521 2584 civi-

109 2615 220 2674 tati,
259 2624 307 2662 et
337 2615 420 2680 qui
460 2614 538 2662 vel
570 2614 633 2662 ad
671 2614 908 2662 civitatem
950 2615 1251 2675 accedenteS,
1292 2614 1367 2661 vel
1410 2613 1520 2660 inde

165 2726 204 2763 1.
233 2725 307 2762 Ms.
327 2737 394 2760 nec
410 2737 516 2764 se....
540 2724 786 2762 redemerant.

163 2788 204 2828 2.
217 2785 451 2829 ‚Matthaeus,
470 2786 715 2824 advexerant.
