2060 3392
694 280 843 317 LIBER
877 280 1079 318 PRIMUS.
1525 279 1605 316 290

250 368 457 434 Perfecta
473 385 588 416 vero
602 378 746 431 atque
762 368 981 433 expedita
994 368 1248 433 legatione,
1270 378 1317 415 et
1340 366 1497 427 rebus,
1517 385 1606 432 pro

181 445 356 510 quibus
389 447 519 493 missi
556 462 767 505 eramus,
802 445 865 493 ad
891 447 1014 510 regis
1045 446 1274 494 mittentis
1310 445 1605 493 voluntatem

179 523 392 588 expletis,
413 523 505 570 laeti
529 533 786 587 utcumque
804 531 851 569 et
868 522 1062 581 alacres,
1086 532 1344 588 speranteS,
1366 521 1608 587 obsequiis

179 610 229 648 et
246 599 494 649 laboribus
518 600 800 665 perfunctis,
837 600 1123 647 nonnullam
1155 599 1286 666 apud
1313 617 1475 665 regem
1507 615 1609 663 gra-

179 678 296 735 tiam
317 678 627 751 conquisiisse
648 688 790 743 atque
809 677 1025 724 invenire
1043 677 1234 737 debere,
1267 678 1608 743 Perpinianum

178 753 424 816 rediimus,
449 749 560 803 licet
578 772 638 803 ex
650 754 816 803 labore
839 765 887 806 et
908 755 1180 821 fatigatione
1199 772 1256 804 ac
1270 755 1413 803 variis
1428 755 1610 804 incom-
1631 779 1635 781 “

180 831 491 885 moditatiBus
527 832 637 880 lassi
682 831 946 899 plurimum
980 842 1123 899 atque
1160 832 1343 880 alterati
1380 849 1603 884 essemus.

179 912 285 972 Jam
306 926 420 958 sane
443 910 830 959 existimabamus
860 910 1049 958 nullum
1076 909 1253 958 debere
1283 910 1424 958 nobis
1454 910 1610 958 obsta-

180 984 344 1049 culum
373 1005 616 1063 superesse
634 986 910 1054 quominus,
933 988 1117 1037 utendo
1136 1006 1361 1036 concessa
1383 989 1526 1036 nobis
1541 1006 1611 1056 re-

179 1063 395 1114 vertendi
434 1065 627 1116 licentia
642 1103 656 1128 ,
698 1066 780 1114 illa
821 1066 1002 1114 torrida
1043 1076 1091 1114 et
1132 1065 1611 1131 intemperantissima

178 1143 376 1208 regione
397 1143 579 1205 relicta,
605 1144 656 1191 in
679 1143 841 1207 aliam,
866 1144 916 1190 in
941 1159 1037 1211 qua
1058 1153 1129 1190 est
1148 1154 1196 1191 et
1218 1143 1498 1191 clementius
1519 1160 1612 1192 coe-

179 1219 283 1268 lum
315 1229 363 1267 et
386 1218 625 1278 salubrior
654 1236 752 1283 aer,
782 1220 986 1285 migrare
1024 1220 1183 1267 laxato
1217 1219 1381 1266 exsilio
1415 1218 1612 1267 debere-

180 1315 304 1354 mus.
330 1297 471 1362 Atqui
498 1299 671 1346 iterum
697 1298 827 1347 illico
858 1298 999 1348 nobis
1026 1297 1369 1363 Perpinianum
1390 1281 1606 1357 reversis,

176 1394 270 1451 >pro
292 1393 372 1440 ea,
404 1393 551 1441 qnam
574 1393 934 1447 speraveramus
947 1414 960 1438 ‚
988 1376 1146 1424 laetitia
1159 1414 1172 1438 ,
1206 1376 1341 1423 omni
1375 1376 1612 1426 anxietate

178 1465 323 1521 atque
335 1456 559 1503 moestitia
573 1456 772 1522 plenum
791 1454 1127 1519 hujuscemodi
1148 1454 1211 1520 ad
1229 1471 1320 1501 nos
1338 1453 1467 1502 illico
1487 1471 1612 1502 nun-

179 1533 301 1583 tium
338 1532 550 1588 defertur
578 1553 590 1581 :
615 1533 750 1600 quod
787 1533 987 1594 scilicet,
1023 1531 1395 1600 procurantibus
1430 1531 1613 1580 aemulis

179 1609 470 1678 quibusdam
503 1621 646 1676 atque
678 1611 885 1659 inimicis
918 1611 1109 1671 nostris,
1141 1627 1224 1657 rex
1246 1610 1471 1657 nuntium
1499 1626 1611 1656 cnm

178 1687 390 1754 epistolis
419 1697 467 1735 et
505 1688 744 1736 mandatis
781 1688 1033 1755 proprium
1065 1686 1394 1752 expediverat,
1438 1686 1612 1750 quibus

179 1763 323 1813 nobis
339 1782 549 1814 recessus
566 1782 624 1812 ex
640 1765 720 1818 illa
731 1766 885 1833 patria
903 1781 1099 1832 prorsus
1110 1762 1606 1834 inhibereturfatque,

180 1843 220 1889 si
242 1842 356 1891 inde
375 1843 478 1909 jam
502 1843 899 1903 discessissemus,
930 1853 982 1890 ut
1007 1842 1091 1889 illo
1113 1852 1300 1890 mature
1324 1841 1607 1905 rediremus,

181 1921 316 1981 omni
337 1922 642 1969 excusatione
662 1921 852 1987 rejecta,
878 1921 1216 1970 mandabatur.

246 2000 356 2057 Quo
378 1999 543 2046 audito
561 2000 751 2059 nuntio,
776 2009 935 2047 tantus
956 2016 1046 2046 nos
1064 2015 1244 2047 moeror
1263 1999 1431 2060 tenuit,
1456 2009 1612 2047 tantus

180 2075 335 2132 luctus
362 2086 505 2143 atque
530 2081 696 2142 pavor,
724 2086 778 2123 ut
798 2076 1014 2142 profecto
1036 2093 1170 2142 paene
1195 2076 1335 2123 suerit
1362 2077 1479 2143 quin
1508 2078 1611 2143 ipsa

180 2163 340 2213 nocte,
379 2171 475 2219 qua
504 2171 562 2202 ex
588 2154 716 2203 dicta
744 2155 979 2221 legatione
1012 2155 1354 2221 perpinianum
1384 2148 1612 2222 applicui-

180 2249 287 2280 mus
321 2242 369 2280 et
401 2233 626 2279 nuntium
659 2231 994 2297 hujuscemodi
1024 2234 1317 2299 accepimus,
1342 2251 1438 2300 prae
1461 2234 1609 2282 animi

181 2308 366 2357 tristitia
388 2319 436 2356 et
462 2326 669 2358 moerore
693 2310 1022 2371 defecerimus,
1059 2327 1171 2357 cum
1203 2310 1401 2375 Sapiens
1425 2310 1475 2357 id
1507 2310 1609 2358 fleri

181 2402 319 2452 posse
345 2398 521 2436 asserat
543 2389 676 2452 quod
699 2410 721 2432 «
742 2390 792 2442 in
815 2406 1020 2437 moerore
1039 2390 1186 2455 animi
1206 2390 1396 2455 spiritus
1415 2390 1608 2455 dejicia-

181 2472 276 2512 tur.
310 2482 334 2508 »
358 2464 650 2516 Videbamus
674 2467 853 2532 quippe
869 2467 995 2530 jam,
1019 2484 1119 2516 non
1140 2467 1291 2516 modo
1310 2468 1475 2516 exsilio
1496 2484 1603 2528 nos,

181 2539 266 2587 sed
286 2550 333 2587 et
351 2541 482 2589 velut
500 2554 731 2609 perpetua
753 2546 1022 2610 captivitate
1044 2545 1313 2603 damnatos,
1338 2555 1481 2609 atque
1504 2555 1608 2592 tan·

182 2632 327 2680 quam
343 2617 391 2672 in
416 2618 560 2681 globo
583 2621 744 2686 aliquo
768 2612 1066 2670 fet-‘vidissimi
1085 2623 1205 2687 ignis
1222 2623 1270 2669 in
1289 2622 1367 2669 illa
1383 2631 1608 2668 aestuante

182 2704 230 2742 et
250 2703 372 2743 tosta
396 2695 591 2759 regione
613 2698 859 2750 devinctos
882 2710 931 2748 et
956 2700 1126 2764 ligatos
1148 2718 1159 2746 ε
1189 2715 1293 2764 quae
1319 2714 1462 2766 poena
1484 2698 1606 2747 dici-

184 2781 260 2818 tur
276 2771 528 2836 spirituum
547 2773 887 2825 damnatorum
908 2777 1115 2828 maxima
1137 2787 1281 2840 atque
1299 2776 1546 2824 acerrima.
