2060 3392
457 227 459 231 Ι
502 258 552 294 86
866 256 1204 294 HISTORIARUM
1230 257 1464 296 LUDOVICI
1490 258 1545 294 XI

501 362 607 410 gere
626 355 673 394 et
695 362 743 394 se
766 344 1071 393 reconciliare
1095 343 1207 392 duci
1234 346 1422 394 Austriae
1439 383 1451 407 ‚
1479 347 1794 411 eumdemque
1819 346 1907 394 sibi

500 422 781 488 placabilem
799 421 985 470 efficere
1006 422 1279 487 cupiebant.

935 607 1273 655 CAPITULUM
1306 611 1469 655 XXIII.

496 741 688 786 Quomodo
718 742 980 788 Trajectenoeu,
1012 742 1193 789 cupientes
1221 743 1441 779 reconciliari
1472 757 1539 780 suo
1571 745 1731 792 pontifici
1759 750 1801 783 et
1827 746 1911 785 duci

543 797 704 843 Austriae,
715 806 935 833 tentaverunt
949 799 1077 846 pellere
1092 798 1230 835 civitate
1242 798 1427 836 dominum
1443 799 1487 836 de
1502 803 1667 847 Montsort
1676 810 1710 839 et
1724 803 1909 853 hapqitosj

541 852 640 901 quod
659 854 803 889 minime
821 853 959 888 efficere
974 863 1178 903 potuerunt.

562 961 759 1008 Verum¹
785 959 912 1007 enim
931 976 1043 1007 cum
1071 962 1181 1015 satis
1204 963 1600 1012 animadverteret
1638 965 1792 1017 dicms
1828 965 1912 1014 do-

496 1038 654 1085 minus
685 1036 747 1086 de
782 1037 1080 1100 Monteforti‚
1112 1040 1151 1086 si
1186 1042 1573 1106 repropitiaretur
1611 1043 1790 1094 civitati<
1816 1044 1912 1093 dux

497 1115 710 1176 Austriae,
745 1130 794 1161 se
823 1113 887 1162 ab
911 1131 968 1163 ea
995 1117 1324 1181 repellendum
1354 1118 1455 1166 fore
1485 1136 1596 1168 cum
1618 1121 1798 1173 caeteris.
1817 1137 1912 1171 suae

499 1192 734 1249 factionis,
759 1192 1002 1256 potissime
1040 1192 1252 1242 bannitis
1271 1194 1332 1242 de
1363 1196 1618 1246 Hollandia
1631 1213 1786 1262 „quos
1812 1214 1914 1247 om-

501 1271 618 1316 nino
639 1268 735 1316 dux
758 1270 947 1317 Austriae
968 1271 1136 1336 expelli
1168 1271 1383 1334 volebat,
1406 1273 1530 1321 clam
1549 1275 1754 1341 acceptis
1776 1276 1915 1325 certis

500 1346 727 1394 rutheris²
746 1346 916 1411 (parvo
940 1357 1099 1395 tamen
1131 1365 1334 1397 numero
1347 1386 1359 1409 ‚
1394 1360 1447 1398 ut
1483 1357 1596 1416 pote
1642 1353 1818 1416 viginti⁴
1833 1363 1918 1418 austj

500 1423 731 1487 triginta),
775 1439 874 1472 sese
912 1435 1080 1473 contra
1120 1425 1452 1489 hujuscemodi
1487 1445 1582 1477 suae
1623 1430 1921 1494 depulsionis

500 1502 766 1567 periculum
787 1503 1118 1551 communivit.
1142 1504 1367 1562 Quodam
1381 1507 1525 1570 igitur
1537 1508 1638 1571 die,
1661 1525 1791 1558 anno.
1816 1512 1916 1572 Do,

501 1577 619 1624 mini
640 1594 951 1640 Mccccmnun⁷
966 1595 1129 1627 mense
1150 1591 1368 1644 augusto,
1385 1593 1479 1634 tres
1498 1594 1582 1632 aut
1595 1594 1803 1649 quatuor
1815 1585 1921 1635 (Bes

501 1666 610 1703 ante
629 1655 800 1703 festum
811 1656 938 1704 beati
951 1659 1226 1720 Laurentii³‚
1246 1676 1356 1709 cum
1373 1661 1529 1725 jussus
1544 1673 1665 1711 esset·
1679 1664 1918 1715 civitatem

502 1733 627 1781 exire
651 1734 751 1799 ipse
770 1734 996 1783 dominus
1016 1735 1078 1782 de
1099 1737 1372 1787 Monteforti
1394 1756 1503 1789 cum
1519 1741 1632 1803 suis,
1658 1751 1705 1789 et
1720 1733 1919 1804 minime

499 1827 666 1876 parere
683 1812 824 1859 vellet
836 1849 848 1873 ‚
870 1813 1143 1876 gravissima
1166 1824 1235 1861 est
1251 1826 1416 1864 exorta
1436 1817 1606 1869 seditio
1628 1819 1752 1868 inter
1771 1820 1913 1869 cives.

504 1880 728 1938 Videutes
762 1890 891 1940 enim
942 1891 1275 1956 locupletiores
1319 1904 1367 1942 et
1410 1897 1702 1961 potentiores
1738 1914 1839 1947 sese
1871 1909 1919 1947 et

504 1967 724 2014 concives
746 1983 857 2015 suos
880 1970 1179 2018 commerciis
1198 1981 1245 2019 et
1269 1972 1919 2039 confrequentationibus-cuv

559 2122 597 2157 1.
633 2121 683 2158 Ut
699 2119 794 2158 dans
813 2119 850 2158 le
872 2133 945 2159 ms.

561 2184 599 2220 2.
630 2183 830 2222 Matthaeus
855 2183 923 2222 fait
952 2196 1175 2237 remarquer
1212 2199 1308 2225 avec
1345 2188 1472 2227 raison
1501 2189 1620 2240 qu’on
1657 2203 1707 2229 ne
1735 2199 1826 2243 peut
1853 2205 1922 2244 pas

507 2244 696 2284 souscrire
727 2246 750 2283 ὲ
779 2244 965 2298 l'opinion
998 2246 1046 2285 de
1079 2250 1142 2286 Du
1169 2248 1296 2300 Gange
1319 2247 1386 2300 qui
1409 2249 1569 2302 regarde
1591 2263 1638 2290 ce
1663 2260 1746 2291 mot
1774 2264 1924 2293 comme

506 2305 755 2358 l'equivalent
781 2307 830 2346 de
854 2310 987 2346 ridder
1011 2308 1234 2360 (chevalier)
1251 2323 1303 2349 ou
1329 2311 1378 2350 de
1398 2316 1520 2350 ruiter
1533 2314 1742 2363 (cavalier),
1762 2315 1924 2368 puisque

508 2368 595 2420 plus
615 2367 694 2407 loin
712 2372 767 2421 (p.
790 2372 855 2419 96)
872 2370 1036 2410 Thomas
1053 2371 1167 2411 Basin
1194 2372 1250 2411 dit
1267 2384 1344 2425 que
1363 2374 1419 2412 les
1435 2375 1578 2413 ratheri
1601 2388 1642 2414 se
1665 2377 1926 2429 composaient

509 2429 558 2468 de
581 2431 769 2470 cavalerie
791 2440 829 2470 et
851 2432 1106 2475 d’infanterie.
1135 2437 1181 2473 Je
1204 2434 1305 2474 crois
1325 2449 1402 2487 que
1417 2437 1511 2476 c’est
1529 2447 1640 2477 notre
1660 2447 1741 2478 mot
1762 2439 1924 2491 franceis

509 2494 650 2530 roatier
663 2492 730 2544 qui
744 2494 846 2532 avait
863 2494 923 2532 ete
940 2495 1154 2547 germanise
1171 2496 1220 2535 de
1238 2497 1275 2535 la
1293 2507 1410 2546 sorte,
1428 2508 1466 2537 et
1485 2500 1521 2538 la
1538 2500 1661 2540 forme
1677 2500 1925 2554 gennanique

509 2567 532 2592 a
562 2554 719 2606 produit
747 2557 769 2593 a
799 2569 868 2594 son
895 2565 982 2595 tour
1008 2557 1045 2595 le
1080 2567 1162 2597 mot
1190 2559 1353 2612 francais
1371 2570 1511 2610 rustre,
1538 2575 1609 2615 par
1624 2564 1749 2616 lequel
1769 2565 1925 2604 Molinet

511 2617 666 2670 designe
691 2617 747 2656 les
770 2620 912 2656 rathen·
936 2618 985 2657 de
1002 2620 1038 2658 la
1057 2621 1176 2661 Fn'se.

567 2681 605 2719 3.
636 2696 652 2711 «
685 2682 761 2717 Des
784 2679 926 2732 daghes
950 2694 1000 2719 na
1024 2690 1135 2720 sunte
1163 2683 1289 2723 Sixtus
1326 2685 1373 2737 (7
1395 2688 1518 2736 amit).
1544 2704 1562 2722 ιι
1594 2690 1760 2726 Annales
1789 2701 1862 2729 ner.
1886 2695 1924 2728 in

513 2742 616 2777 Holl.
637 2751 730 2792 gest.
752 2756 851 2779 anno
867 2756 1126 2791 mccccnxxn,
1149 2754 1241 2794 etc.‚
1266 2747 1359 2786 dans
1379 2749 1593 2798 Matthaeus‚
1614 2759 1641 2788 t.
1670 2754 1722 2798 11,
1743 2764 1783 2802 p.
1805 2753 1842 2791 1.
1889 2787 1891 2789 .
