2060 3392
558 275 635 312 386
1084 250 1087 252 ’
1125 273 1395 323 APOLOGIA,

557 375 611 414 ut
633 375 792 432 pateat
824 365 997 429 legenti
1039 364 1241 412 nimium
1274 364 1408 413 facile
1442 366 1492 414 in
1520 380 1576 416 ea
1605 365 1850 433 provincia
1870 365 1962 414 ho·

557 443 737 503 mines‚‘
781 441 925 490 etiam
981 441 1285 505 quantumvis
1332 442 1518 506 quietos
1561 453 1609 491 et
1650 443 1779 509 pacis
1821 451 1964 508 atque

555 518 904 583 tranquillitatis
939 527 1198 578 amatoreS‚
1231 519 1391 567 litibus
1425 520 1622 579 involvi,
1647 527 1695 568 et
1725 520 1965 568 involutos

556 596 694 644 anxie
726 605 783 642 et.
802 595 999 642 moleste
1024 594 1310 660 plurimum,
1344 595 1518 644 invitos
1545 597 1679 659 licet,
1713 597 1763 644 in
1797 597 1865 644 eis
1892 613 1964 644 re-
2012 658 2015 660 -

556 673 695 720 tineri
721 688 811 719 nec
832 671 894 720 ab
916 672 983 719 eis
1005 688 1144 737 posse
1174 671 1307 720 facile
1329 673 1556 738 expediri.

618 752 741 798 Sane
769 766 825 797 ex
851 750 926 797 his
949 749 1123 813 iniquis
1147 750 1464 814 compendiis,
1490 766 1595 815 quae
1613 767 1670 798 ex
1689 750 1964 815 hujusmodi

555 827 740 875 infinita
773 827 928 875 litium
951 836 998 873 et
1028 841 1279 874 causarum
1313 827 1617 876 multitudine
1645 827 1960 893 proveniunt,

556 921 675 970 quas
701 916 800 953 tam
839 904 973 952 facile
1002 905 1215 952 suscitari
1247 913 1295 951 et
1327 905 1472 952 semel
1495 906 1738 954 suscitatas
1758 893 1864 954 sero
1890 905 1965 953 vel

552 998 802 1047 nunquam
821 981 1064 1029 terminari
1084 981 1159 1029 vel
1181 980 1306 1028 finiri
1326 982 1654 1046 hujuscemodi
1677 983 1837 1048 patriae
1852 997 1967 1031 con-

554 1060 829 1108 suetudines
870 1060 1134 1124 patiuntur,
1181 1059 1417 1107 conflatur
1460 1070 1507 1108 et
1552 1059 1804 1108 conficitur
1842 1077 1966 1108 unus

554 1148 700 1186 status
724 1137 1092 1197 advocatorum,
1124 1137 1206 1202 qui
1229 1138 1279 1184 in
1307 1139 1554 1203 provincia
1578 1138 1725 1186 hodie
1746 1147 1844 1186 tam
1864 1149 1964 1187 ma—

553 1231 673 1278 gnus
694 1223 764 1262 est
785 1224 832 1262 et
854 1224 952 1262 tam
973 1212 1285 1279 amplificatus
1299 1252 1312 1276 ‚
1336 1224 1388 1261 ut
1405 1224 1598 1262 caeteros
1617 1232 1784 1263 omnes
1806 1215 1965 1281 patriae

552 1302 698 1341 status
729 1293 772 1340 ei
801 1292 942 1340 subdi
973 1302 1022 1340 et
1045 1308 1210 1358 parere
1233 1292 1292 1339 sit
1322 1309 1528 1340 necesse.
1560 1294 1680 1340 Sunt
1714 1294 1843 1341 enim
1879 1308 1966 1340 nu—

553 1386 687 1418 mero
716 1380 815 1417 tam
838 1369 973 1417 multi
1003 1385 1090 1434 per
1122 1369 1333 1417 civitates
1357 1370 1581 1434 singulas,
1607 1370 1803 1436 oppida,
1832 1370 1966 1418 ‘villas

552 1456 600 1494 et
629 1463 740 1494 rura
772 1446 952 1510 ubique
976 1446 1265 1494 disseminati
1303 1457 1445 1511 atque
1478 1443 1709 1512 dispersi,
1730 1447 1967 1511 tantisque

554 1522 728 1588 opibus
752 1523 888 1570 ditati
902 1559 915 1584 ,
948 1538 1060 1569 cum
1083 1522 1218 1570 facile
1248 1539 1304 1570 ex
1334 1524 1430 1571 suis
1451 1523 1844 1572 advocationibus
1867 1540 1967 1572 ma·

555 1615 670 1664 gnas
715 1598 805 1647 sibi
857 1608 1136 1663 comparent
1194 1599 1379 1647 divitias
1392 1637 1405 1661 ‚
1464 1609 1516 1647 ut
1568 1602 1710 1649 totius
1754 1601 1968 1667 profecto

553 1677 811 1742 provinciae
840 1675 1300 1723 administrationem
1333 1687 1379 1724 et
1412 1677 1623 1741 regimen
1653 1678 1703 1725 in
1739 1679 1835 1725 suis
1864 1692 1967 1725 ma-

555 1752 697 1800 nibus
722 1751 900 1800 habere
928 1750 1205 1811 videantur3
1239 1753 1304 1799 ita
1332 1753 1475 1800 etiam
1504 1763 1558 1800 ut
1586 1753 1771 1802 nobiles
1807 1754 1970 1819 patrioe

554 1830 623 1877 eis
659 1845 922 1892 eorumque
956 1828 1064 1875 filiis
1078 1865 1089 1886 ‚
1133 1829 1243 1876 licet
1283 1828 1458 1893 plebeii
1497 1839 1547 1877 et
1585 1829 1807 1878 rusticani
1847 1830 1966 1890 sint,

557 1903 676 1951 filias
697 1919 806 1951 suas
827 1902 1064 1968 gaudeant
1084 1919 1133 1950 se
1154 1903 1463 1951 matrimonio
1504 1905 1729 1969 copulare
1760 1912 1810 1951 et
1826 1904 1971 1969 patri-

557 1981 833 2029 moniorum
860 1997 1057 2028 suorum
1080 1984 1162 2027 eos
1184 1980 1452 2045 relinquere
1475 1981 1685 2028 haeredes
1705 1990 1752 2028 et
1771 1980 1965 2029 hfflre.

557 2059 730 2106 Mirum
769 2059 899 2105 enim
928 2059 977 2105 in
1012 2057 1213 2104 modum
1249 2058 1463 2123 plerique
1486 2075 1544 2106 ex
1574 2059 1688 2124 ipsis
1725 2058 1775 2105 in
1807 2058 1970 2124 paucis

559 2136 697 2184 annis
724 2134 786 2182 ad
823 2150 939 2200 opes
977 2149 1174 2197 magnas
1209 2144 1255 2180 et
1293 2135 1453 2200 ampla
1482 2135 1768 2200 patrimonia
1801 2149 1859 2180 ex
1889 2134 1971 2182 mli

562 2213 884 2276 negotiatione
919 2211 1201 2270 evehuntur,
1241 2212 1307 2259 ita
1349 2221 1402 2259 ut
1440 2213 1489 2259 in
1527 2198 1856 2278 quinquennio
1895 2211 1970 2259 vel

561 2289 808 2353 septennio
824 2322 837 2346 ,
863 2289 946 2352 qui
981 2304 1132 2336 unum
1163 2298 1273 2336 ante
1303 2288 1554 2337 denarium
1586 2289 1664 2336 vix
1693 2287 1965 2350 habebant,

561 2367 864 2413 inveniantur
907 2365 1176 2430 acquisiisse
1204 2382 1261 2412 ex
1294 2366 1623 2431 hujuscemodi
1658 2364 1970 2414 advocatione

562 2451 797 2490 trecentos
818 2479 831 2503 ,
873 2442 1245 2506 quadringentos
1276 2444 1350 2490 vel
1382 2443 1584 2509 amplius
1620 2459 1790 2491 aureos
1822 2443 1970 2490 annui

563 2518 742 2566 reditus
770 2519 819 2565 in
852 2519 1063 2584 pulchris
1095 2518 1338 2567 nobilibus
1364 2521 1551 2586 praediis
1583 2530 1631 2568 et
1653 2519 1823 2568 feodis.
1855 2522 1969 2567 Cor·

562 2595 689 2643 rodit
718 2595 896 2661 quippe
921 2605 1069 2644 status
1098 2597 1175 2645 ille
1202 2597 1543 2646 advocatorum
1572 2609 1619 2646 et
1647 2597 1802 2646 exedit
1828 2607 1970 2662 atque

561 2674 742 2736 exsugit
772 2682 921 2721 totam
951 2673 1115 2739 populi
1153 2674 1492 2738 substantiam3
1523 2677 1622 2741 qui,
1660 2693 1771 2723 cum
1802 2685 1970 2723 natura

561 2752 670 2799 satis
688 2760 732 2797 et
756 2750 958 2799 nimium
975 2789 988 2813 ‚
1013 2753 1137 2817 proh
1159 2753 1300 2801 dolor
1325 2752 1335 2799 !
1364 2754 1584 2819 proclivis
1601 2754 1660 2801 sit
1681 2753 1742 2800 ad
1759 2753 1864 2800 lites
1877 2788 1889 2812 ‚
1911 2768 1968 2799 ex

2045 3023 2060 3165 ..a-⁶¹:52.
2057 2979 2060 2982 .
2055 2924 2060 2947 ..-

2051 3378 2060 3392 ι
2049 3334 2060 3374 ,εει
2049 3287 2060 3331 n:-
2047 3246 2060 3283 fi..
2052 3183 2060 3242 'nd--
