2060 3392
510 283 524 317 vl
535 282 584 317 28
869 284 1064 320 fflSTom
1070 283 1210 319 ARUM
1239 283 1478 321 LUDOVICI
1506 284 1563 320 XI

508 366 690 416 fuerant
710 369 824 416 dicti
845 369 1007 417 Caroli‘
1024 369 1182 431 ducis3
1207 379 1254 417 et
1277 387 1356 418 eas
1370 409 1381 430 ,
1409 372 1566 420 obitus
1588 373 1659 420 sui
1679 381 1917 438 tempore,

507 446 778 510 possidebat
794 483 806 507 ‚
843 446 924 494 sed
957 463 1062 508 eas,
1094 447 1198 513 ipso
1237 449 1330 497 vita
1368 450 1561 510 functo,
1594 467 1675 498 rex
1715 467 1920 517 occupa-

507 534 659 586 verat,
687 535 732 572 et
759 526 932 591 partim
957 526 1099 574 armis
1119 563 1132 588 ‚
1162 528 1334 592 partim
1358 528 1682 577 deditionibus
1705 529 1755 577 in
1785 546 1920 578 suam

505 601 750 666 redegerat
770 613 1068 668 potestatem.

570 682 636 726 Ea
674 690 832 728 autem
873 681 975 745 lege
1012 681 1100 729 dos
1136 682 1467 747 hujuscemodi
1506 685 1707 734 domino
1739 684 1919 734 delfino

501 772 591 820 pro
614 773 699 804 sua
728 757 855 805 dicta
885 754 1043 806 sutura
1068 759 1269 824 conjuge
1291 762 1548 810 constituta
1573 773 1671 825 est,
1697 762 1856 828 quod,
1881 763 1920 810 si

500 831 719 881 eamdem
736 870 749 894 ‚
775 835 915 882 nullis
954 835 1014 883 de
1055 853 1104 883 se
1143 838 1472 906 superstitibus
1509 838 1669 887 liberis
1712 839 1885 887 relictis
1902 877 1914 901 ‚

500 911 647 958 vitam
674 911 811 960 finire
841 914 1159 978 contingeret,
1189 915 1302 962 dicti
1334 917 1585 964 comitatus
1615 926 1662 964 et
1695 927 1829 965 terrae
1856 916 1918 966 ad

500 987 672 1035 ducem
692 989 962 1057 Philippum
979 1029 992 1053 ‚
1018 991 1232 1056 ejusdem
1254 1010 1438 1058 sponsae
1461 994 1652 1042 fratrem
1667 1031 1680 1055 ‚
1713 1011 1918 1059 suosque

498 1066 708 1115 haeredes
744 1070 914 1116 reverti
945 1069 1191 1119 deberent.
1225 1071 1317 1119 Sed
1361 1089 1418 1119 eo
1458 1074 1594 1120 casu¹
1624 1089 1705 1120 rex
1742 1073 1814 1120 vel
1846 1074 1919 1121 sui

497 1145 705 1194 haeredes
727 1157 922 1212 possent
944 1148 1278 1212 hujuscemodi
1300 1151 1552 1198 comitatus
1575 1160 1622 1198 et
1645 1159 1791 1198 terras
1809 1151 1917 1198 reti-

498 1239 636 1282 nere,
667 1224 823 1272 donec
855 1225 903 1271 in
933 1225 1039 1289 jure
1070 1225 1385 1291 disceptatum
1413 1227 1764 1291 diffinitumque
1797 1227 1920 1276 foret

497 1300 557 1347 de
593 1311 640 1349 et
673 1319 814 1367 super
838 1303 945 1367 jure
982 1303 1114 1368 quod
1145 1320 1225 1351 rex
1258 1304 1436 1352 habere
1467 1304 1720 1370 praetendit
1747 1305 1796 1352 in
1831 1321 1918 1371 op-

496 1378 621 1443 pidis
647 1380 904 1441 lnsulensi,
922 1381 1195 1429 Duachensi
1225 1391 1271 1428 et
1297 1381 1358 1429 de
1392 1382 1627 1444 Orchies’,
1655 1398 1918 1448 eorumque

496 1457 777 1506 castellaniis
814 1475 899 1506 seu
945 1458 1248 1507 districtibus.
1296 1463 1411 1518 Quae
1455 1459 1735 1525 disceptatio
1775 1469 1918 1525 atque

495 1533 555 1581 de
592 1537 864 1602 supradicto
900 1547 1132 1602 praetenso
1165 1537 1271 1601 jure
1308 1537 1529 1586 diffinitio
1567 1537 1691 1585 infra
1726 1538 1917 1586 triennii

495 1622 644 1660 metas
665 1613 861 1661 deberet
883 1613 1111 1679 expediri.

560 1691 681 1737 Sunt
719 1701 767 1738 et
808 1691 900 1738 alia
945 1690 1229 1755 quamplura
1273 1692 1480 1756 capitula
1521 1692 1570 1738 in
1617 1691 1752 1739 dictae
1775 1692 1917 1756 'pacis

494 1766 670 1815 foedere
705 1769 1052 1833 comprehensa
1068 1804 1080 1827 ‚
1116 1785 1248 1832 quae,
1276 1767 1518 1816 brevitatis
1544 1785 1714 1829 causa,
1743 1769 1919 1816 omitti-

493 1861 599 1891 mus
622 1845 702 1892 hic
725 1846 930 1894 inserere
947 1883 959 1906 ,
987 1837 1120 1910 {luod
1141 1846 1190 1893 id
1219 1845 1334 1892 huic
1367 1857 1532 1895 nostro
1555 1848 1688 1914 operi
1719 1847 1917 1895 minime

492 1923 809 1971 necessarium
832 1925 1060 1971 exsistat³.

559 2003 665 2048 Non
698 2011 859 2050 tamen
890 2002 1209 2050 omittendum
1246 2002 1379 2068 quod
1393 2038 1405 2062 ‚
1431 2003 1592 2068 'paulo
1622 2013 1732 2051 ante
1769 2019 1913 2067 quam

491 2078 823 2142 hujuscemodi
853 2096 943 2145 pax
972 2081 1224 2128 conciliata
1250 2081 1395 2140 foret,
1432 2098 1511 2128 rex
1539 2081 1822 2147 oppidulum
1854 2082 1914 2129 de

492 2160 618 2203 Aere
633 2155 662 2217 ⁴,
690 2168 919 2224 corrupto
945 2159 1193 2223 capitaneo
1207 2161 1236 2219 ⁵,
1272 2159 1407 2222 cujus
1433 2157 1544 2207 fidei
1571 2159 1672 2223 ejus
1699 2159 1914 2207 custodia

546 2352 564 2388 1
576 2380 585 2388 .
615 2352 679 2390 Sic
698 2351 900 2395 Matthaeus
917 2367 929 2399 ;
947 2365 988 2388 eo
1009 2360 1134 2389 tamen
1151 2351 1246 2390 dans
1265 2351 1301 2389 le
1318 2364 1390 2390 ms.

547 2414 583 2452 2.
615 2413 711 2452 Lille
725 2442 735 2461 ,
755 2413 880 2452 Douai
905 2422 943 2451 et
965 2413 1138 2461 Orchies‚
1161 2413 1406 2462 aujourd’hui
1431 2413 1526 2462 dans
1547 2413 1584 2452 le
1607 2413 1696 2466 dep.
1719 2413 1772 2454 du
1790 2414 1911 2464 Nord‚

490 2476 545 2514 les
564 2477 656 2516 trois
675 2477 906 2529 principales
927 2476 1036 2524 villes
1054 2476 1102 2515 de
1121 2476 1336 2515 l’ancienne
1354 2476 1519 2515 Flandre
1534 2477 1731 2528 francaise.
1782 2499 1783 2503 =

548 2541 585 2580 3.
616 2543 669 2578 Le
693 2548 795 2577 texte
813 2552 836 2577 a
854 2539 914 2577 ete
930 2538 1108 2589 imprime
1128 2537 1290 2576 nombre
1315 2537 1362 2576 de
1379 2537 1450 2576 fois
1463 2567 1473 2584 ‚
1493 2547 1731 2578 notamment
1755 2538 1849 2578 dans
1877 2541 1914 2579 le

492 2602 612 2653 Corps
633 2601 910 2654 diplomatique
930 2600 978 2639 de
996 2603 1191 2648 Dumont‚
1213 2609 1241 2641 t.
1263 2603 1334 2648 111,
1356 2600 1478 2652 partie
1503 2604 1555 2650 II,
1577 2610 1615 2640 et
1631 2601 1726 2640 dans
1743 2602 1780 2640 le
1801 2604 1914 2641 Com-

492 2663 614 2703 mines
633 2664 682 2703 de
697 2663 1111 2716 Lenglet·Dufresnoy,
1136 2671 1164 2702 t.
1188 2665 1255 2710 IV,
1281 2676 1321 2714 p.
1344 2664 1410 2701 95.

547 2730 584 2766 [ι.
617 2727 708 2766 Aire
725 2740 774 2765 en
789 2725 929 2765 Artois.

467 2834 471 2837 .
549 2794 588 2829 5.
615 2792 710 2828 Jean
736 2789 784 2827 de
806 2791 992 2839 Bergues,
1011 2786 1188 2838 seigneur
1207 2786 1254 2823 de
1271 2786 1416 2826 Cohen.
