2060 3392
423 308 500 345 ¹5¹.
797 302 1142 344 ms'ronumm
1168 301 1406 342 Lunovlcl
1433 304 1490 341 XI

423 395 562 442 dacta
580 432 592 456 ,
635 393 952 442 accersierunt
980 391 1139 439 statim
1166 391 1499 456 hujuscemodi
1529 392 1679 456 iniqui
1696 399 1842 444 'suum

426 471 827 536 Enghelbertum,
856 469 1166 517 domicellum
1192 470 1483 530 Clivensem3
1513 470 1613 536 ipse
1642 470 1844 520 enimin

424 548 742 602 Amersfordia
761 546 1051 595 constiterat.
1075 547 1171 606 Qui
1189 547 1346 595 statim
1361 547 1423 595 ad
1441 547 1679 597 civitatem
1699 547 1845 597 veluti

421 627 483 675 ad
520 626 798 691 acquisitam
838 623 1050 690 praedam
1088 625 1307 672 accurrit.
1347 625 1571 673 Exierunt
1602 634 1763 674 autern
1797 634 1845 674 et

421 720 520 751 sese
554 719 640 769 per
675 702 854 750 moenia
881 700 1200 764 demiserunt,
1228 702 1312 766 qui
1338 701 1401 749 ad
1424 702 1660 768 stipendia
1691 704 1846 769 ponti·

421 781 521 829 ficis
554 781 604 828 in
649 780 835 828 civitate
865 789 1029 839 erant,
1065 796 1176 828 cum
1207 778 1424 844 pluribus
1457 796 1515 828 ex
1546 780 1730 829 civibus
1760 781 1844 846 qui

420 858 618 907 studiosi
651 858 858 924 partium
886 856 1100 923 ejusdem
1130 856 1370 923 pontificis
1402 857 1654 923 eidemque
1680 857 1844 907 fideles

419 937 690 985 exstiterant
703 973 715 997 ,
741 945 812 995 et,
838 945 948 1001 post
967 944 1297 1002 recuperatam
1324 951 1411 1001 per
1434 952 1546 984 eum
1568 937 1806 984 civitatem
1826 973 1838 996 ‚

419 1014 638 1063 eamdem
673 1014 869 1078 ingressi
891 1014 1094 1061 fuerant.
1131 1014 1226 1072 Qui
1257 1028 1372 1061 vero
1406 1014 1488 1061 tali
1515 1014 1626 1078 fuga
1645 1014 1844 1062 minime

418 1094 561 1140 tutari
580 1110 629 1141 se
647 1102 906 1158 potuerunt
924 1101 971 1139 et
992 1091 1257 1156 periculum
1273 1092 1454 1139 instans
1470 1092 1692 1156 effligere,
1711 1106 1844 1140 scru-

419 1171 503 1218 tati
527 1180 638 1218 sunt
671 1187 758 1236 per
789 1169 1056 1231 civitatem,
1079 1179 1128 1217 et
1153 1171 1237 1235 qui
1261 1168 1322 1216 de
1344 1169 1412 1217 eis
1441 1170 1644 1217 inveniri
1678 1178 1845 1235 potue·

418 1258 547 1311 runt,
575 1247 704 1296 fuere
730 1248 779 1295 in
799 1263 1037 1296 carcerem
1061 1246 1258 1309 detrusi,
1282 1256 1331 1294 et
1351 1245 1415 1295 ad
1435 1262 1484 1295 se
1508 1246 1844 1295 redimendum

418 1327 692 1391 pecuniam,
718 1336 952 1391 quantum
974 1341 1114 1391 posse
1137 1340 1220 1373 eos
1238 1325 1480 1373 exsolvere
1503 1324 1841 1387 arbitrabatur,

419 1405 654 1469 compulsi
697 1415 744 1452 et
790 1404 1067 1452 necessitate
1109 1401 1282 1451 adacti.
1322 1402 1551 1450 Nonnulli
1590 1413 1752 1451 tamen
1786 1419 1843 1450 ex

418 1480 798 1543 honestioribus,
834 1491 882 1529 et
914 1480 1168 1529 adversum
1205 1497 1328 1546 quos
1359 1496 1460 1528 non
1490 1490 1591 1528 tam
1615 1480 1843 1529 acerbum

419 1558 587 1606 odium
621 1559 908 1607 efferbuerat
926 1595 939 1619 ,
974 1559 1164 1617 fuerunt
1201 1559 1251 1606 in
1285 1559 1492 1625 propriis
1518 1558 1744 1607 domibus
1772 1574 1844 1607 re-

418 1637 542 1698 licti,
590 1637 844 1685 interdicto
878 1638 945 1685 eis
978 1636 1067 1684 sub
1098 1637 1205 1686 vitae
1231 1653 1325 1684 suae
1359 1638 1575 1703 periculo
1622 1654 1683 1685 ne
1730 1635 1843 1686 inde

419 1715 546 1762 exire
570 1725 925 1780 praesumerent.
954 1715 1092 1780 Capti
1113 1716 1256 1763 etiam
1289 1724 1337 1763 et
1365 1716 1622 1780 mancipati
1653 1715 1844 1763 fuerunt

419 1809 587 1841 omnes
619 1793 768 1840 ferme
795 1791 855 1841 de
883 1792 1031 1840 domo
1063 1801 1110 1839 et
1140 1790 1318 1840 familia
1349 1791 1611 1857 pontificis,
1639 1791 1844 1858 demptis

418 1868 491 1917 his
517 1870 600 1934 qui
619 1869 742 1916 clam
765 1867 889 1917 elabi
911 1878 1188 1935 potuerunt.

484 1948 667 1994 Domus
699 1947 842 1994 etiam
879 1946 1123 1994 nonnullae
1162 1945 1389 2006 effractae,
1432 1945 1586 2011 pilatae
1620 1945 1838 2010 fuerunt3

419 2038 519 2070 non
557 2034 718 2071 tamen
751 2033 847 2084 tot,
879 2033 998 2089 quot
1022 2024 1191 2090 saepius
1217 2023 1358 2089 diripi
1386 2033 1435 2070 et
1466 2023 1658 2089 spoliari
1690 2024 1842 2071 visum

418 2109 488 2148 est
509 2101 559 2147 in
582 2101 755 2150 talibus
780 2102 1025 2149 civitatum
1054 2099 1130 2149 vel
1158 2100 1449 2166 oppidorum
1476 2099 1837 2166 irruptionibus,

419 2178 469 2225 in
495 2194 698 2243 quarum
721 2180 882 2227 multis
909 2195 998 2227 nec
1020 2178 1322 2244 corporibus,
1351 2195 1509 2244 neque
1532 2178 1676 2226 bonis
1700 2178 1841 2226 fuisse

420 2257 655 2320 parcitum
682 2257 972 2320 frequentius
994 2266 1295 2322 compertum
1317 2265 1402 2304 est.
1426 2255 1581 2312 Unde,
1603 2264 1657 2303 ut
1673 2271 1841 2304 verum

420 2333 670 2395 fateamur,
692 2334 898 2400 pensatis
921 2350 1082 2381 rerum
1110 2333 1476 2381 circumstantiis
1491 2370 1504 2394 ,
1529 2332 1580 2379 hi
1608 2334 1691 2396 qui
1714 2333 1841 2381 hanc

419 2412 734 2477 irruptionem
760 2412 988 2474 fecerunt,
1021 2410 1267 2476 civili[ter]
1287 2410 1485 2457 victoria
1507 2427 1563 2458 ac
1590 2410 1726 2458 valde
1751 2410 1842 2459 cle-

420 2501 604 2538 menter
622 2492 693 2538 usi
716 2491 854 2538 fuisse
875 2491 1114 2537 videntur.
1141 2492 1247 2536 Non
1270 2490 1398 2536 enim
1424 2489 1713 2552 sanguinarii
1737 2489 1841 2536 fiae·

420 2578 562 2630 runt,
586 2578 639 2614 ut
660 2568 722 2615 ad
761 2568 910 2615 caedes
947 2583 1123 2632 usque,
1155 2582 1323 2614 eorum
1354 2566 1611 2632 praesertim
1642 2583 1764 2631 quos
1791 2583 1840 2614 se
1872 2580 1874 2582 ’

421 2662 590 2693 exosos
626 2646 831 2693 maxime
859 2645 1081 2694 habuisse
1102 2644 1342 2706 sciebant,
1378 2643 1710 2709 procederent,
1738 2645 1838 2692 imo

421 2740 510 2771 nec
534 2723 596 2770 ad
622 2724 905 2784 domorum,
929 2723 1019 2770 nisi
1040 2738 1303 2788 paucarum
1321 2757 1334 2781 ,
1357 2722 1704 2787 direptionem:
1726 2737 1838 2769 cum

423 2812 583 2848 tamen
610 2801 715 2864 jure
740 2800 853 2848 belli
883 2801 1048 2866 pluresJ
1070 2800 1343 2847 mortalium
1373 2800 1642 2847 universam
1666 2797 1836 2846 civita—
