2060 3392
716 285 860 323 LIBER
886 286 1154 324 SECUNDUS.
1560 286 1637 323 365

221 376 428 440 regionis
474 385 809 440 cooperatores
849 384 897 422 et
937 384 1036 422 tam
1081 383 1247 421 sancto
1291 374 1640 421 consentientes

220 451 376 501 labori
397 452 499 501 fieri
528 453 814 501 curavimus.
843 451 922 500 Ob
949 451 1082 517 quod
1115 461 1162 499 et
1181 450 1372 516 tyranni
1394 461 1442 499 et
1471 451 1641 499 multo-

222 546 331 578 rum
365 530 667 596 iniquorum,
709 545 828 594 quas
861 545 1004 594 supra
1041 529 1355 590 retexuimus,
1397 528 1565 576 odium
1593 539 1640 576 et

221 608 573 672 persecutiones
592 607 879 655 incurrimus
902 616 1043 671 atque
1061 605 1359 672 pertulimus.

287 686 488 751 Propter
521 685 653 749 quod
683 685 945 750 plurimum
971 684 1277 732 consolamur
1307 684 1358 731 in
1396 683 1638 743 Domino;

222 777 385 826 quem,
407 779 519 810 cum
540 763 599 810 sit
613 763 801 824 veritas,
828 761 1020 810 fidelem
1041 779 1141 809 esse
1160 778 1260 809 non
1281 760 1574 823 dubitamus,
1595 771 1643 809 et

222 839 521 891 confidenter
541 840 602 890 ab
625 841 726 906 ejus
756 841 1007 889 clementia
1029 840 1301 888 mercedem
1331 839 1393 888 ab
1414 856 1473 887 eo
1494 838 1644 887 beati-

223 917 402 967 tudinis
429 921 766 986 repromissam
791 920 867 968 his
894 920 978 984 qui
1010 929 1206 986 propter
1233 919 1463 983 justitiam
1484 934 1644 983 perse·

224 997 466 1049 cntionem
488 999 751 1064 patiuntur,
776 1009 1120 1064 exspectamus,
1144 998 1243 1044 imo
1264 998 1422 1062 potius
1444 997 1643 1061 gratiam

223 1091 314 1140 pro
336 1077 500 1139 gratia.
531 1097 553 1121 «
583 1077 714 1125 Beati
742 1095 766 1121 »
797 1077 953 1141 inquit
989 1096 1012 1121 «
1039 1076 1184 1137 eritis,
1209 1092 1321 1123 cum
1341 1074 1531 1122 oderint
1558 1092 1645 1122 vos

222 1151 469 1214 homines3
494 1162 542 1201 et
562 1171 675 1202 cum
703 1155 1024 1220 separaverint
1044 1170 1131 1201 vos
1152 1163 1200 1201 et
1225 1152 1640 1219 exprobraverint,

226 1238 275 1277 et
293 1230 519 1295 ejecerint
540 1249 719 1279 nomen
741 1242 951 1279 vestrum
975 1240 1205 1295 tanquam
1228 1230 1429 1292 malum,
1450 1239 1647 1295 propter

226 1305 377 1355 fllium
398 1308 628 1371 hominis,
655 1309 855 1373 gaudete
879 1319 927 1357 et
948 1309 1202 1370 exsultate;
1235 1325 1346 1357 ecce
1371 1308 1501 1356 enim
1522 1325 1646 1355 mer-

225 1401 304 1434 ces
330 1397 487 1435 vestra
502 1387 653 1436 multa
670 1389 805 1435 estin
824 1389 963 1435 coelo.
994 1406 1018 1432 »
1036 1390 1147 1434 Haec
1169 1387 1299 1434 enim
1321 1403 1427 1451 spes
1442 1396 1489 1433 et
1510 1385 1647 1435 firma

210 1471 368 1528 atque
389 1475 517 1513 certa
537 1465 843 1530 exspectatio,
865 1481 1011 1528 quam
1034 1481 1135 1511 non
1157 1463 1218 1510 de
1240 1463 1447 1528 propriis
1469 1464 1647 1512 meritis

225 1540 298 1588 vel
316 1541 521 1605 justitia,
547 1542 630 1590 sed
653 1542 714 1590 de
736 1542 838 1590 sola
863 1544 952 1591 Dei
978 1541 1304 1590 misericordia
1327 1551 1374 1588 et
1397 1530 1647 1590 clementia

227 1618 344 1667 mihi
377 1630 620 1686 antepono
662 1637 718 1668 ac
754 1620 972 1686 praefero,
1020 1637 1097 1667 me
1127 1619 1375 1667 consolata
1406 1629 1477 1667 est
1504 1620 1649 1684 pluri-

226 1712 455 1762 mumque
478 1697 643 1745 dietim
662 1698 937 1746 consolatur
954 1698 1004 1744 in
1025 1697 1292 1744 humilitate
1315 1713 1438 1744 mea.
1465 1700 1525 1744 Et
1539 1697 1650 1745 licet

227 1789 383 1837 neque
406 1774 644 1822 dictorum
671 1791 950 1840 procerum,
977 1790 1132 1837 neque
1159 1784 1339 1836 nostra,
1365 1791 1521 1839 neque
1542 1775 1649 1840 plu-

227 1850 461 1899 rimorum
506 1852 709 1900 aliorum
748 1852 1008 1900 zelatorum
1041 1852 1230 1916 justitiae
1274 1852 1356 1917 pia
1398 1862 1447 1899 et
1487 1863 1649 1901 sancta

229 1929 430 1977 intentio
446 1965 459 1989 ‚
506 1947 650 1995 quem
693 1929 980 1995 putabamus
1027 1929 1430 1995 sperabamusque
1445 1967 1458 1992 ,
1512 1930 1651 1978 fuerit

229 1997 486 2055 consecuta
521 2006 770 2067 effectum,
808 2017 968 2055 tamen
1011 2006 1210 2055 firmiter
1250 2017 1298 2054 et
1341 2006 1522 2071 absque
1555 2008 1651 2055 ulla

228 2082 522 2132 haesitatione
557 2084 845 2132 confidimus
874 2101 905 2133 a
937 2085 1304 2132 clementissimo
1329 2088 1464 2133 Patre
1495 2102 1651 2150 neque

229 2161 358 2227 ipsos
379 2179 534 2228 neque
558 2179 648 2211 nos
665 2172 836 2211 nostrae
857 2162 998 2210 bonae
1022 2163 1279 2211 voluntatis
1296 2162 1504 2211 fraudari
1526 2180 1652 2211 mer-

231 2240 348 2288 cede
375 2251 423 2289 et
445 2241 625 2301 fructu,
659 2242 742 2305 qui
764 2257 864 2289 non
887 2240 950 2289 ab
971 2257 1132 2288 rerum
1152 2241 1304 2300 exitu,
1332 2241 1416 2289 sed
1441 2258 1470 2289 a
1491 2251 1654 2290 sancta

231 2317 424 2383 piorum
454 2319 719 2367 intentione
752 2335 899 2384 opera
928 2328 1092 2367 nostra
1118 2328 1286 2383 pensat
1317 2329 1364 2366 et
1397 2318 1647 2384 approbat.

237 2414 261 2440 «
286 2395 464 2457 Exitus,
497 2416 518 2439 n
546 2397 701 2461 inquit
718 2395 893 2443 nobilis
911 2405 1054 2461 poeta
1077 2395 1278 2443 Ovidius
1298 2396 1649 2459 interrogative,

238 2493 262 2517 ut
288 2483 395 2522 acta
413 2473 620 2540 probat?
640 2494 663 2520 »
689 2484 736 2522 et
758 2474 892 2540 quod
916 2473 1094 2522 diceret
1117 2490 1242 2536 non,
1266 2473 1497 2522 subinfert
1517 2493 1527 2521 ε

815 2590 967 2632 careat
985 2589 1243 2633 successibus
1264 2600 1368 2648 opto

385 2659 585 2719 Quisquis
604 2661 659 2703 ab
680 2672 837 2704 eventu
859 2661 970 2704 facta
993 2660 1182 2704 notanda
1207 2671 1342 2720 putat.
