2060 3392
643 235 790 272 LIBER
817 233 1085 272 SECUNDUS.
1497 230 1573 266 387

167 324 411 375 consortio
435 333 593 373 tamen
627 332 676 371 et
707 321 915 371 consiliis
947 319 1288 368 advocatorum
1327 318 1441 384 (qui
1475 335 1576 366 non

166 400 300 450 aliud
318 408 562 467 aucupant
580 409 629 448 et
658 399 863 464 gestiunt
892 413 1038 462 quam
1063 411 1214 445 novas
1240 395 1452 461 quotidie
1475 395 1579 442 lites

165 471 414 528 comuhre
437 489 485 527 et
503 476 806 544 promovere)
827 485 875 524 et
893 492 952 524 ex
969 473 1248 538 hujusmodi
1267 489 1435 520 eorum
1461 489 1579 520 con·

166 556 293 620 tagio
306 593 320 618 ,
345 572 441 603 suae
459 555 637 602 vitiosae
660 570 717 602 ac
742 569 898 618 pravae
920 551 1215 599 inclinationi
1237 559 1577 611 consentaneo,

166 649 420 698 erroreque
447 633 515 680 eis
541 639 761 697 pergrato
790 627 1007 695 pluribus
1027 627 1185 675 adhuc
1213 643 1299 691 per
1335 643 1417 673 eos
1441 635 1489 674 et
1510 626 1582 672 in-

166 709 312 758 finitis
333 726 466 776 paene
496 709 659 756 litibus
688 717 735 754 et
770 705 1109 771 quaestionibus
1140 705 1411 770 implicatur
1440 713 1582 767 atque

164 787 439 836 involvitur.

230 865 314 912 His
339 874 389 912 et
404 881 494 911 nos
507 901 520 925 ,
562 863 680 910 dum
702 863 754 909 in
783 861 1031 928 provincia
1060 877 1249 908 eramus
1265 898 1278 922 ,
1319 869 1583 924 nostraeque

165 942 369 990 ecclesiae
406 940 732 1006 procurationi
763 956 820 988 ac
856 938 1254 986 administrationi
1288 936 1584 984 incumbere-

165 1035 294 1081 mus,
325 1017 522 1067 infinitis
550 1034 685 1083 paene
714 1014 1022 1077 vexabamur,
1055 1031 1246 1062 necesse
1273 1013 1505 1062 habentes
1530 1014 1581 1060 in

165 1095 390 1145 omnibus
416 1094 734 1144 tribunalibus
762 1094 924 1159 patriae
960 1102 1293 1159 procuratores
1323 1091 1503 1140 habere
1536 1101 1584 1139 et

164 1173 423 1223 advocatos
460 1172 550 1222 sub
593 1188 755 1221 annua
790 1172 1047 1236 pensione3
1097 1170 1272 1235 quibus
1304 1171 1391 1218 etsi
1430 1168 1584 1235 probe

165 1252 423 1316 quotannis
432 1268 520 1317 per
541 1260 729 1298 nostros
748 1259 891 1313 atque
903 1249 1112 1313 legaliter
1135 1248 1425 1315 stipendium
1442 1265 1583 1295 suum

166 1327 502 1388 exsolveretur,
529 1326 874 1374 nonnullorum
911 1335 1071 1373 tamen
1107 1325 1213 1372 talis
1244 1333 1346 1372 erat
1381 1322 1500 1370 fides
1531 1332 1586 1370 ut

166 1403 419 1453 adversum
452 1420 566 1466 nos,
592 1403 632 1451 si
653 1418 749 1467 qua
765 1402 844 1450 via
861 1401 1047 1450 occulte
1065 1410 1310 1467 poterant,
1333 1399 1411 1447 vel
1433 1415 1583 1448 novas

167 1479 273 1529 lites
303 1480 576 1540 consulere,
603 1480 703 1541 vel,
728 1478 791 1527 ab
813 1478 1092 1527 adversariis
1114 1479 1261 1542 gratia
1282 1476 1358 1525 vel
1379 1477 1583 1542 pecunia

166 1559 405 1624 corrupti,
436 1559 504 1606 eis
531 1557 764 1623 impartiri
802 1557 986 1604 favores
1018 1557 1217 1604 minime
1251 1554 1578 1603 formidarent.

167 1635 306 1684 Unde
338 1635 589 1686 eveniebat
623 1644 677 1682 ut
708 1650 958 1698 nunquam
994 1633 1142 1681 ferme
1180 1649 1332 1680 causae
1363 1632 1579 1696 alicujus,

167 1714 472 1778 quantumvis
516 1713 652 1777 justae
695 1722 743 1759 et
787 1710 1033 1759 manifeste
1077 1708 1395 1770 rationabilis,
1435 1708 1582 1757 finem

166 1806 567 1854 consequeremur
597 1788 843 1846 votivum3
875 1787 959 1835 sed
994 1786 1190 1834 infinitis
1216 1803 1350 1852 paene
1381 1787 1583 1834 involuti

166 1862 331 1912 litibus
348 1879 406 1911 ac
421 1861 720 1928 processibus
731 1899 743 1921 ,
768 1871 816 1909 et
838 1859 1077 1908 veteribus
1098 1870 1146 1908 et
1162 1861 1246 1925 qui
1264 1859 1583 1910 nascebantur

166 1939 310 1988 nobis
334 1939 547 2005 quotidie
560 1976 573 2001 ,
603 1938 693 1986 sub
722 1937 894 1986 talibus
921 1937 1258 1985 molestissimis
1288 1938 1414 1985 curis
1442 1938 1581 1985 anxie

166 2016 511 2081 langueremus.
551 2019 749 2081 Propter
783 2014 916 2079 quod
950 2014 1120 2078 gratias
1151 2030 1346 2077 magnas
1365 2016 1469 2061 Deo
1492 2031 1581 2062 nos

166 2093 342 2143 debere
362 2103 721 2158 cognoscentes,
742 2092 1002 2158 plurimum
1023 2090 1194 2139 exinde
1211 2090 1421 2138 solamur
1436 2101 1580 2154 atque

167 2171 473 2235 gramlamur,
504 2180 551 2219 et
574 2180 745 2218 nostrae
779 2167 1097 2216 tribulationis
1119 2167 1311 2233 pondus
1342 2169 1575 2230 levamus,

168 2248 301 2314 quod
319 2247 494 2297 talibus
519 2247 673 2295 litium
697 2257 745 2295 et
775 2262 1027 2294 causarum
1053 2246 1205 2294 anxiis
1228 2245 1461 2310 nobisque
1483 2246 1579 2293 dis-

167 2325 513 2391 plicentissimis
557 2325 682 2372 curis
697 2361 710 2383 ,
759 2322 1055 2387 nexibusque
1100 2332 1238 2370 cartae
1291 2323 1415 2370 illius
1428 2359 1441 2383 ,
1477 2323 1577 2370 imo

167 2402 324 2450 verius
362 2402 564 2450 carceris
607 2401 1030 2448 Normannorum¹
1067 2398 1204 2447 liberi
1246 2409 1293 2447 et
1334 2400 1541 2464 exempti
1561 2435 1573 2458 ‚

168 2495 300 2527 nunc
326 2479 415 2527 Dei
445 2477 770 2527 misericordia
792 2492 1042 2534 manemus
1071 2485 1119 2523 et
1153 2492 1316 2524 sumus
1351 2493 1463 2524 cum
1495 2492 1577 2522 ne·

167 2556 321 2619 mine,
347 2556 517 2620 gratias
544 2558 647 2603 Deo
663 2590 677 2615 ,
706 2554 838 2603 litem
860 2569 1212 2618 quamcumque
1231 2570 1315 2602 seu
1335 2553 1577 2617 querelam

223 2713 262 2751 ¹.
291 2712 420 2761 Voyez
436 2709 653 2757 ci-doesus‚
673 2723 714 2762 p.
737 2711 827 2749 373.
