2060 3392
692 289 845 351 'LIBER
883 288 1134 326 SEPTIMUS.
1548 288 1566 323 1
1577 288 1624 324 119

207 378 425 432 ducentis
449 388 530 426 aut
547 377 768 425 trecentis
791 377 1005 424 virorum
1029 384 1319 423 armatorum
1333 411 1346 435 ‚
1378 374 1488 421 exiit
1517 374 1626 421 civi-

142 472 147 476 ·
208 466 382 518 tatem,
405 456 488 503 illo
510 471 788 522 proponens
809 452 1074 519 proficisci,
1105 461 1153 500 et
1182 452 1358 499 castelli
1391 451 1625 512 nancisci,

209 544 264 582 ut
280 534 506 583 dominus
519 569 531 593 ,
552 533 915 598 possessionem.
938 531 1115 578 Verum
1136 531 1293 578 statim
1317 540 1371 577 ut
1396 528 1520 595 [iter]
1544 546 1629 576 ar-

210 612 419 678 ripuerat
435 647 447 670 ,
473 611 696 658 nuntium
726 609 910 674 accepit
945 607 1075 672 quod
1100 606 1402 655 Hollandrini
1424 616 1631 654 castrum

210 689 522 750 obsidebant,
557 687 676 735 illud
710 686 773 735 ad
800 703 971 734 manus
998 701 1106 733 suas
1141 686 1384 750 cupientes
1419 684 1627 745 habere·‚

210 766 343 832 quod
374 767 414 814 si
441 765 620 814 habere
644 764 937 830 potuissent,
962 763 1163 810 intentio
1183 779 1352 810 eorum
1371 779 1470 809 esse
1492 771 1630 826 puta-

209 844 352 892 batur
374 844 508 909 quod
527 842 962 895 locimunitionem
986 840 1502 901 fundituspeverterenn
1530 849 1633 886 tum

209 922 260 970 in
282 921 451 970 ¹odium
469 921 656 968 domini
680 920 739 968 de
763 920 1003 984 Montfort
1020 955 1032 977 ‚
1059 918 1184 965 illius
1208 918 1420 978 domini,
1448 934 1559 979 cum
1589 927 1635 964 et

209 1010 405 1066 propter
423 999 715 1047 vicinitatem
739 997 801 1044 ad
822 1006 969 1044 terras
992 995 1274 1057 Hollandiae,
1293 995 1425 1059 quod
1448 994 1509 1041 de
1530 995 1631 1055 illo,

210 1077 376 1143 priscis
393 1093 449 1125 ac
469 1075 715 1124 modernis
737 1075 881 1122 etiam
903 1072 1219 1138 temporibus,
1238 1073 1415 1120 damna
1431 1073 1636 1138 plurima

210 1155 421 1220 perpessi
451 1153 663 1201 fuissent.
704 1155 814 1210 Quo
844 1161 1040 1217 accepto
1079 1151 1250 1198 nuntio
1263 1188 1275 1211 ‚
1310 1167 1421 1197 cum
1455 1149 1638 1197 videret

211 1249 297 1298 per
319 1232 416 1280 hoc
435 1232 736 1298 propositum
761 1247 901 1278 suum
931 1230 1182 1296 impediri,
1216 1229 1277 1277 ad
1299 1230 1537 1277 civitatem
1568 1239 1638 1276 est

212 1327 452 1371 reversus,
479 1326 570 1356 nec
587 1308 773 1356 efficere
792 1308 949 1373 potuit
964 1343 976 1367 ‚
1002 1307 1112 1355 licet
1135 1324 1235 1355 non
1259 1307 1402 1354 semel
1427 1316 1632 1365 tantum,

213 1387 296 1435 sed
344 1387 520 1452 pluries
544 1386 641 1434 hoc
672 1385 859 1434 efficere
890 1375 1162 1433 tentavisset
1200 1394 1254 1432 ut
1295 1384 1597 1432 Hollandrini
1620 1422 1632 1445 ‚

213 1463 295 1526 qui
318 1462 414 1508 illic
437 1471 590 1508 castra
611 1477 697 1508 sua
717 1469 762 1508 et
787 1459 1090 1508 obsidionem
1114 1468 1402 1524 posuerant,
1425 1457 1487 1506 ab
1513 1457 1637 1505 obsi-

214 1540 358 1587 dione
381 1538 695 1587 discederent.

693 1742 1035 1787 CAPITULUM
1075 1742 1156 1786 Vl.

215 1869 410 1913 Quomodo
425 1872 533 1918 paulo
545 1880 638 1919 post,
655 1871 747 1907 duce
762 1871 919 1918 quodam
934 1872 1090 1906 Henrico
1107 1870 1153 1906 de
1168 1871 1346 1917 Nyevelde‚
1362 1870 1482 1905 accitis
1497 1870 1640 1906 Cliven-

264 1927 359 1962 sibus
372 1935 407 1962 et
419 1927 780 1969 Amenfordensibus,
795 1937 899 1963 nocte
915 1929 1052 1976 irrupta
1068 1936 1118 1962 est
1133 1936 1167 1962 et
1184 1937 1284 1975 capta
1302 1927 1422 1961 civitas
1437 1927 1640 1973 Trajecten-

263 1984 323 2028 sis,
340 1992 462 2031 captus
474 1985 634 2031 pontifex
650 1994 684 2020 et
702 1985 841 2033 tyranni
858 1985 1010 2029 liberati,
1023 1993 1056 2019 et
1070 1984 1328 2031 Enghelbertus
1342 1983 1387 2018 de
1402 1983 1509 2018 clivis
1521 1983 1641 2019 denuo

263 2047 467 2076 remu-usus.

282 2146 451 2192 Fuerat
477 2155 637 2199 autem
658 2145 720 2193 ad
751 2145 1015 2193 custodiam
1049 2146 1187 2193 castri
1213 2145 1336 2193 illius
1359 2145 1641 2192 commissus

217 2222 411 2286 quidam
444 2223 633 2287 juvenis
675 2224 867 2271 audacis
913 2224 1115 2272 nimium
1160 2233 1208 2270 et
1246 2223 1424 2271 efferati
1466 2223 1637 2284 animi,

219 2299 372 2348 dietus
422 2302 652 2349 Henricus
696 2301 756 2348 de
800 2301 1024 2350 Nievelde
1045 2339 1057 2362 ‚
1098 2302 1384 2366 cognatione
1426 2301 1513 2367 ipsi
1552 2301 1640 2348 do-

221 2378 353 2424 mino
399 2378 459 2426 de
502 2381 736 2444 Montfort
776 2380 1100 2444 propinquus,
1135 2390 1300 2445 utpote
1339 2397 1432 2426 suae
1467 2379 1644 2426 sororis

222 2453 360 2502 filius.
389 2457 477 2503 Hic
499 2474 610 2504 cum
633 2458 932 2520 cognovisset
954 2458 1137 2504 domini
1162 2457 1374 2522 episcopi
1401 2453 1462 2504 ad
1485 2457 1643 2503 civita-

223 2541 319 2578 tem
353 2548 486 2579 suam
517 2534 777 2597 ingressum
795 2572 807 2595 ,
842 2536 1148 2599 captivosque
1174 2535 1374 2581 detineri
1400 2535 1556 2599 ipsum
1582 2533 1643 2580 de

223 2610 459 2672 Montfort
496 2609 706 2674 aliosque
753 2612 834 2676 qui
871 2611 1172 2676 tyrannidem
1208 2612 1256 2658 in
1289 2611 1474 2658 civitate
1511 2627 1645 2657 exer-

223 2694 445 2745 cuerant,
471 2687 877 2753 qualitercumque
900 2689 960 2736 de
984 2700 1138 2736 castro
1165 2690 1247 2736 illo
1286 2689 1556 2751 egrediens,
1582 2687 1641 2734 ad

224 2762 456 2827 oppidum
482 2764 804 2812 Amersfordiae
829 2766 1033 2830 indeque
1065 2767 1125 2813 ad
1156 2766 1355 2830 patriam
1380 2766 1646 2812 Clivensem
