2060 3392
622 302 772 340 LIBER
802 302 1005 340 PRIMUS.
1442 303 1517 340 305

101 391 164 441 ad
181 390 408 463 eamdem*
419 391 599 439 curiam
616 390 872 451 advolavit,
897 400 1039 454 atque
1057 389 1187 455 apud
1205 405 1366 453 regem
1382 389 1517 437 facile

103 467 312 516 obtinuit
334 477 403 530 ut,
427 467 619 515 licentia
632 465 908 530 hujusmodi
930 476 1168 526 revocata,
1193 466 1389 514 nuntius
1406 482 1519 513 cum

102 546 313 613 epistolis
345 556 394 594 et
427 546 687 605 mandatis,
734 544 795 592 de
835 543 1009 608 quibus
1051 561 1194 610 supra
1221 544 1322 608 jam
1344 545 1521 610 vsaepius

105 641 262 672 sermo
296 640 328 672 a
358 623 499 672 nobis
537 622 728 671 habitus
761 632 856 681 est,
898 621 1231 669 destinaretur.

171 701 412 760 Quoniam
442 701 584 764 igitur
604 710 734 748 certo
756 698 1022 746 sciebamus
1049 700 1181 763 quod
1195 738 1207 762 ,
1233 701 1272 748 si
1306 718 1417 748 cum
1437 700 1525 748 hu-

103 778 313 844 jusmodi
350 778 586 826 mandatis
613 777 702 826 sub
730 777 911 824 ditione
942 777 1071 840 regia
1109 794 1198 826 nos
1231 779 1426 826 nuntius
1447 779 1525 825 ille

107 856 496 923 apprehendisset
511 892 524 916 ,
562 856 727 903 mortis
768 854 1033 920 periculum
1070 856 1203 919 quod
1237 855 1314 902 ille
1352 856 1539 920 impius

109 933 292 983 satelles
307 951 419 982 cum
440 935 536 982 suis
554 933 695 981 nobis
714 932 978 980 intentabat
991 932 1310 995 consortibus,
1332 934 1528 981 nullate-

110 1029 201 1060 nus
220 1012 367 1061 vitare
379 1022 462 1060 aut
479 1011 684 1075 effugere
701 1011 1036 1077 potuissemus,
1049 1028 1160 1058 cum
1170 1011 1436 1058 remedium
1458 1029 1530 1059 su·

112 1106 296 1156 peresse
312 1089 442 1137 aliud
460 1089 722 1155 temporale
741 1089 938 1135 minime
951 1089 1345 1153 prospiceremus,
1363 1099 1425 1147 et,
1441 1090 1532 1136 iter

114 1177 330 1216 nostrum
357 1184 521 1216 versus
547 1168 835 1231 Lugdunum
861 1166 1084 1214 facientes
1100 1204 1112 1228 ‚
1144 1167 1533 1214 intellexissemus

114 1263 143 1295 a
171 1246 356 1307 multis,
380 1246 462 1310 qui
487 1245 548 1292 de
564 1246 704 1293 ‘curia
726 1245 855 1308 regia
879 1244 1219 1309 Perpinianum
1240 1244 1528 1304 tendebant,

114 1325 314 1390 qualiter
344 1324 445 1387 jam
480 1324 675 1370 nuntius
707 1323 786 1370 ille
820 1340 960 1370 suum
982 1322 1045 1370 ad
1066 1339 1156 1369 nos
1186 1323 1274 1370 iter
1297 1321 1535 1369 conficere

115 1401 312 1451 deberet
326 1439 340 1464 ,
365 1419 422 1450 ex
449 1402 663 1450 Valentia
691 1402 879 1449 civitate
913 1402 1002 1448 iter
1024 1400 1301 1448 defleximus
1317 1438 1329 1462 ,
1369 1410 1417 1448 et
1447 1417 1536 1465 per

117 1478 659 1527 Sanctum-Anthonium
675 1483 705 1538 ¹,
746 1476 1144 1526 Chamberiacum
1187 1487 1233 1524 et
1266 1479 1534 1536 Genevam,

118 1557 424 1622 Allobrogum
445 1574 528 1604 seu
544 1556 894 1617 Sabaudiorum
914 1566 1079 1617 terras,
1099 1559 1201 1603 Deo
1225 1573 1408 1620 gressus
1424 1572 1536 1602 nos-

120 1647 218 1686 tros
237 1636 486 1700 dirigente,
511 1635 829 1701 pervenimus.
857 1638 966 1693 Quo
1002 1651 1111 1681 cum
1135 1635 1536 1699 pervenissemus,

121 1713 438 1780 omnipotenti
455 1716 581 1772 Deo,
608 1712 809 1759 creatori
832 1721 995 1758 nostro
1011 1747 1023 1771 ‚
1043 1710 1196 1757 laudis
1215 1720 1262 1756 et
1284 1710 1542 1773 gratiarum

121 1791 321 1840 actionis
365 1790 539 1837 devota
588 1798 746 1836 mente
802 1787 1116 1852 persolvimus
1165 1786 1539 1846 confessionem,

122 1868 255 1934 quod
271 1884 356 1916 sua
372 1882 545 1930 magna
561 1866 838 1929 dignatione
854 1874 902 1912 et
915 1864 1354 1911 misericordissima
1370 1865 1543 1929 pietate

123 1946 400 2013 respexisset
423 1943 736 1991 humilitatem
765 1953 812 1990 et
846 1943 1066 1990 salvasset
1097 1942 1157 1989 de
1186 1942 1544 1991 necessitatibus

123 2036 172 2074 et
195 2025 419 2089 angustiis
443 2024 655 2072 animam
676 2032 886 2070 nostram
901 2057 914 2081 ,
941 2038 1029 2068 nec
1048 2021 1355 2068 conclusisset
1380 2037 1469 2068 nos
1493 2021 1543 2067 in

125 2119 295 2151 manus
324 2101 532 2159 inimici,
572 2100 655 2147 sed
684 2099 916 2146 statuisset
948 2098 998 2144 in
1032 2097 1141 2144 loco
1170 2097 1378 2162 spatioso
1400 2097 1545 2162 pedes

127 2189 343 2241 nostros,
387 2188 611 2226 canentes
643 2194 756 2224 cum
790 2176 919 2240 regio
954 2175 1271 2239 hymnografo
1305 2196 1315 2221 :
1346 2194 1370 2220 «
1401 2178 1544 2221 Bene-

129 2258 281 2306 dictus
302 2257 538 2304 Dominus
555 2293 567 2317 ,
602 2255 831 2318 quoniam
870 2252 1137 2300 mirificavit
1168 2251 1543 2300 misericordiam

129 2351 264 2384 suam
283 2335 401 2383 mihi
427 2335 478 2381 in
502 2334 689 2380 civitate
720 2332 920 2379 munita.
954 2350 977 2375 »
1001 2333 1106 2378 Jam
1138 2331 1269 2378 enim
1309 2330 1463 2377 minas
1500 2338 1562 2376 et-

132 2413 343 2462 fremitus
358 2412 510 2461 leonis
528 2427 629 2458 non
647 2409 949 2468 timebamus,
976 2425 1087 2455 cum
1110 2417 1243 2455 terrae
1262 2407 1350 2456 illae
1371 2408 1421 2454 in
1448 2407 1549 2470 qui-

129 2489 222 2538 bus
243 2506 332 2538 nos
356 2505 683 2554 receperamus
698 2523 710 2547 ‚
736 2502 830 2543 suae
851 2502 951 2533 non
970 2494 1124 2533 essent
1145 2484 1357 2532 ditionis.

189 2643 228 2680 1.
258 2638 546 2695 Saint-Antoine
565 2652 613 2678 en
631 2636 851 2689 Dauphine.

247 2891 295 2917 ιιι
1318 2869 1368 2906 20
