2060 3392
717 310 865 350 LIBER
902 310 1088 352 PRIMUS
1095 341 1103 349 .
1545 313 1623 351 243

209 402 294 467 εἰς,
330 402 622 464 Ludovicus,
648 417 731 449 rex
750 400 1035 462 modernus,
1072 401 1154 465 qui
1176 399 1214 448 a'
1237 400 1467 447 comitatu
1496 398 1626 448 eton-

209 492 343 551 gatus
381 481 550 549 patris,
589 482 640 528 in
671 488 772 528 tota
810 480 890 528 illa
926 479 1048 528 felici
1084 476 1385 545 expeditione
1429 493 1525 542 qua
1564 477 1625 526 ab

209 558 469 626 Anglorum
488 556 739 608 dominatu
772 569 990 624 exempta
1011 558 1185 607 exstitit
1201 557 1510 618 Normannia,
1536 557 1625 604 mi-

209 637 336 690 nime
380 635 541 685 adesse
582 636 779 684 curavit.
828 638 872 683 Is
917 651 1030 700 ergo
1075 651 1184 683 cum
1227 634 1278 681 in
1317 634 1446 682 dicto
1486 649 1630 698 agens

207 711 468 775 Delfinatu‚
503 711 890 779 procurationem
920 726 1065 777 quam
1097 709 1314 775 gerebat,
1339 710 1567 772 libenter,
1591 711 1630 758 si

208 788 299 840 sibi
326 788 534 839 affuisset
566 790 760 838 facultas
774 828 787 850 ,
821 790 1010 854 longius
1035 788 1269 854 latiusque
1298 797 1628 854 propagasset,

207 867 489 934 excogitavit
519 869 766 934 quomodo
803 869 989 933 aliquos
1018 867 1108 915 sibi
1140 863 1417 914 conciliaret
1444 867 1631 914 animos

205 945 257 995 in
282 947 599 1009 Normannia,
622 946 866 1013 potissime
888 963 1097 1010 quorum
1125 958 1272 1011 opera
1296 955 1438 1008 atque
1458 945 1633 992 auxilio

207 1021 270 1074 ad
307 1025 525 1090 regimen,
567 1035 615 1072 et
662 1024 1124 1075 administrationem
1169 1023 1428 1088 provinciae
1476 1033 1637 1088 posset

205 1095 481 1168 pervenire3
520 1100 792 1150 existimans
822 1100 952 1168 apud
988 1118 1062 1164 se,
1088 1101 1127 1148 si
1162 1100 1423 1148 nonnullos
1459 1100 1519 1148 de
1541 1100 1636 1166 pri-

206 1177 438 1239 mioribus
473 1181 634 1246 patriae
665 1179 756 1228 sibi
790 1180 1044 1228 conciliare
1068 1188 1228 1245 posset
1247 1216 1259 1239 ,
1294 1177 1430 1226 facile
1464 1195 1633 1226 eorum

205 1254 477 1306 interventu
516 1256 826 1306 obtenturum
860 1258 911 1304 in
944 1267 1186 1305 conventu
1229 1255 1476 1304 communi
1526 1255 1633 1304 Sta-

206 1343 343 1383 tuum
369 1335 530 1400 patriae
544 1373 556 1394 ,
582 1332 715 1400 quod
745 1333 891 1382 semel
923 1335 1180 1398 quotannis
1216 1332 1446 1381 celebrari
1483 1334 1603 1381 solet
1616 1372 1628 1396 ,

210 1421 261 1460 ut
279 1411 451 1478 legatio
486 1429 575 1478 pro
611 1429 670 1460 eo
704 1411 767 1461 ad
795 1428 955 1476 regem
969 1448 981 1471 ,
1013 1421 1198 1477 patrem
1231 1427 1372 1458 suum
1387 1448 1399 1472 ,
1437 1410 1634 1458 nomine

207 1488 350 1537 totius
383 1490 639 1556 provinciae
671 1488 1004 1548 destinaretur,
1029 1487 1427 1554 supplicationem
1453 1488 1634 1536 factura

155 1587 163 1590 ·
207 1565 314 1632 regi·
337 1573 587 1632 quatenus,
626 1584 715 1633 pro
749 1563 951 1614 tuitione
988 1576 1035 1613 et
1068 1564 1345 1614 defensione
1375 1567 1632 1632 provinciae

206 1649 374 1693 contra
397 1644 601 1711 impetus
633 1644 918 1708 Anglorum,
958 1643 1041 1708 qui
1064 1643 1108 1691 ei
1132 1643 1333 1708 graviter
1362 1654 1476 1692 tunc
1500 1662 1631 1692 com-

208 1720 529 1784 minabantur,
555 1724 710 1788 ipsum
732 1719 987 1783 delfinum,
1013 1722 1114 1786 ejus
1136 1722 1525 1787 primogenitum,
1552 1739 1633 1785 gu-

207 1797 508 1851 bernatorem
550 1797 813 1847 concedere
847 1797 987 1846 vellet
1015 1817 1026 1845 ι
1062 1815 1120 1845 eo
1154 1799 1284 1846 enim
1307 1798 1519 1845 futurum
1552 1808 1628 1862 ut,

209 1885 342 1926 metu
372 1874 473 1942 ejus
502 1876 663 1924 hostes
700 1875 907 1923 deterriti
921 1912 933 1936 ,
986 1891 1087 1922 non
1127 1873 1261 1922 facile
1303 1875 1625 1940 provinciam,

210 1953 440 2019 quamdiu
455 1950 515 2013 in,
527 1954 629 2020 ipsa
647 1951 831 2014 afforet,
847 1951 1106 2000 invadendi
1126 1969 1294 2000 ausum
1316 1964 1624 2001 assumerent.

276 2032 379 2080 Hoc
399 2033 560 2099 itaque
580 2030 826 2097 proposito
854 2040 901 2077 et
935 2029 997 2078 ad
1031 2047 1142 2078 eum
1171 2030 1318 2078 finem
1353 2028 1478 2078 misit
1510 2049 1632 2079 nun-

209 2107 300 2158 tios
328 2110 389 2159 de
421 2110 570 2158 domo
594 2126 678 2157 sua
715 2110 765 2157 in
799 2107 1143 2157 Normanniam
1183 2126 1295 2156 cum
1326 2105 1533 2174 epistolis
1567 2111 1629 2159 ad

210 2188 384 2236 multos
408 2188 469 2235 d'e
493 2186 759 2254 potioribus
788 2186 1067 2252 provinciae,
1093 2203 1204 2232 cum
1230 2186 1368 2233 certis
1391 2186 1534 2235 etiam
1554 2187 1628 2235 in-

209 2261 571 2326 structionibus,
596 2264 795 2311 modum
815 2260 1188 2328 exprimentibus
1223 2279 1320 2326 quo
1349 2279 1398 2310 se
1433 2264 1533 2310 voti
1555 2266 1628 2312 sui

211 2359 378 2391 eorum
425 2343 647 2408 suffragio
685 2351 958 2408 compotem
995 2358 1132 2408 posse
1166 2338 1267 2388 fieri
1309 2340 1622 2391 existimabat.

212 2419 338 2468 luter
357 2431 548 2470 caeteros
566 2438 679 2470 vero
699 2421 824 2468 misit
849 2418 910 2468 ad
930 2436 1018 2467 nos
1044 2418 1302 2484 quemdam
1326 2414 1539 2468 nobilem
1561 2420 1630 2468 vi-

214 2510 337 2560 rum,
377 2495 628 2548 dominum
668 2493 729 2547 de
766 2493 984 2546 Condeto
1019 2497 1069 2545 in
1111 2497 1301 2546 dioecesi
1336 2496 1579 2546 Baiocensi
1594 2500 1624 2559 ¹,

264 2676 284 2725 '1
297 2717 306 2726 .
338 2691 442 2727 Cette
460 2689 664 2728 indication
687 2704 737 2729 ne
755 2691 858 2730 suffit
876 2704 944 2743 pas
964 2704 1064 2743 pour
1082 2691 1313 2729 determiner
1332 2691 1367 2728 le
1390 2703 1629 2742 personnage

214 2749 307 2788 dont
337 2750 362 2788 il
394 2751 516 2804 s'agit.
538 2753 568 2790 ΙΙ
586 2767 611 2803 y
628 2753 730 2792 avait
745 2754 849 2793 deux
869 2753 1000 2793 Conde
1022 2753 1117 2792 dans
1141 2754 1177 2793 le
1204 2753 1355 2792 diocese
1379 2752 1426 2790 de
1450 2755 1628 2802 Bayeux,

213 2812 617 2854 nonde-sur-Noireau
636 2824 672 2854 et
690 2816 1056 2857 eunde-sur-seule.
