<?xml version="1.0" encoding="UTF-8"?>
<!DOCTYPE html PUBLIC "-//W3C//DTD XHTML 1.0 Transitional//EN"
    "http://www.w3.org/TR/xhtml1/DTD/xhtml1-transitional.dtd">
<html xmlns="http://www.w3.org/1999/xhtml" xml:lang="en" lang="en">
 <head>
  <title>
</title>
<meta http-equiv="Content-Type" content="text/html;charset=utf-8" />
  <meta name='ocr-system' content='tesseract 3.04.00' />
  <meta name='ocr-capabilities' content='ocr_page ocr_carea ocr_par ocr_line ocrx_word'/>
</head>
<body>
  <div class='ocr_page' id='page_1' title='image "./histoiredesrgn03basiuoft_0166.png"; bbox 0 0 2060 3392; ppageno 0'>
   <div class='ocr_carea' id='block_1_1' title="bbox 493 292 1541 338">
    <p class='ocr_par' dir='ltr' id='par_1_1' title="bbox 493 292 1541 338">
     <span class='ocr_line' id='line_1_1' title="bbox 493 292 1541 338; baseline -0.007 -2"><span class='ocrx_word' id='word_1_1' title='bbox 493 301 569 338; x_wconf 85' lang='grc'>116</span> <span class='ocrx_word' id='word_1_2' title='bbox 851 294 1194 333; x_wconf 72' lang='lat' dir='ltr'>ms‘romAnUM</span> <span class='ocrx_word' id='word_1_3' title='bbox 1221 292 1457 331; x_wconf 78' lang='lat' dir='ltr'>mnovlcl</span> <span class='ocrx_word' id='word_1_4' title='bbox 1484 292 1541 329; x_wconf 87' lang='lat' dir='ltr'>XI</span> 
     </span>
    </p>
   </div>
   <div class='ocr_carea' id='block_1_2' title="bbox 478 372 1905 2467">
    <p class='ocr_par' dir='ltr' id='par_1_2' title="bbox 478 372 1905 2467">
     <span class='ocr_line' id='line_1_2' title="bbox 491 372 1904 446; baseline -0.008 -11"><span class='ocrx_word' id='word_1_5' title='bbox 491 386 690 435; x_wconf 91' lang='lat' dir='ltr'>modum</span> <span class='ocrx_word' id='word_1_6' title='bbox 724 400 838 432; x_wconf 88' lang='lat' dir='ltr'>vero</span> <span class='ocrx_word' id='word_1_7' title='bbox 871 399 927 430; x_wconf 87' lang='lat' dir='ltr'>ex</span> <span class='ocrx_word' id='word_1_8' title='bbox 960 380 1042 429; x_wconf 91' lang='lat' dir='ltr'>tali</span> <span class='ocrx_word' id='word_1_9' title='bbox 1073 381 1246 429; x_wconf 87' lang='lat' dir='ltr'>scelere</span> <span class='ocrx_word' id='word_1_10' title='bbox 1277 395 1471 446; x_wconf 88' lang='lat' dir='ltr'>sperans</span> <span class='ocrx_word' id='word_1_11' title='bbox 1499 393 1638 444; x_wconf 89' lang='lat' dir='ltr'>posse</span> <span class='ocrx_word' id='word_1_12' title='bbox 1661 372 1904 442; x_wconf 83' lang='lat' dir='ltr'>acquirere</span> 
     </span>
     <span class='ocr_line' id='line_1_3' title="bbox 489 454 1905 530; baseline -0.008 -17"><span class='ocrx_word' id='word_1_13' title='bbox 489 465 814 530; x_wconf 88' lang='lat' dir='ltr'>episcopatum</span> <span class='ocrx_word' id='word_1_14' title='bbox 838 460 936 508; x_wconf 85' lang='lat' dir='ltr'>filio</span> <span class='ocrx_word' id='word_1_15' title='bbox 952 475 1040 507; x_wconf 92' lang='lat' dir='ltr'>suo</span> <span class='ocrx_word' id='word_1_16' title='bbox 1052 461 1081 518; x_wconf 88' lang='lat'>¹,</span> <span class='ocrx_word' id='word_1_17' title='bbox 1109 459 1288 506; x_wconf 88' lang='lat' dir='ltr'>clerum</span> <span class='ocrx_word' id='word_1_18' title='bbox 1305 457 1520 517; x_wconf 86' lang='lat' dir='ltr'>civitatis,</span> <span class='ocrx_word' id='word_1_19' title='bbox 1543 471 1629 522; x_wconf 85' lang='lat' dir='ltr'>per</span> <span class='ocrx_word' id='word_1_20' title='bbox 1646 471 1768 519; x_wconf 86' lang='lat' dir='ltr'>quos</span> <span class='ocrx_word' id='word_1_21' title='bbox 1784 454 1905 502; x_wconf 88' lang='lat' dir='ltr'>solet</span> 
     </span>
     <span class='ocr_line' id='line_1_4' title="bbox 487 533 1903 608; baseline -0.007 -18"><span class='ocrx_word' id='word_1_22' title='bbox 487 541 769 608; x_wconf 82' lang='lat' dir='ltr'>pontificum</span> <span class='ocrx_word' id='word_1_23' title='bbox 794 538 963 586; x_wconf 80' lang='lat' dir='ltr'>electio</span> <span class='ocrx_word' id='word_1_24' title='bbox 987 536 1214 584; x_wconf 89' lang='lat' dir='ltr'>celebrari</span> <span class='ocrx_word' id='word_1_25' title='bbox 1231 538 1319 596; x_wconf 80' lang='lat' dir='ltr'>,iu</span> <span class='ocrx_word' id='word_1_26' title='bbox 1340 553 1491 583; x_wconf 89' lang='lat' dir='ltr'>unum</span> <span class='ocrx_word' id='word_1_27' title='bbox 1515 535 1693 599; x_wconf 85' lang='lat' dir='ltr'>coegit,</span> <span class='ocrx_word' id='word_1_28' title='bbox 1720 533 1903 582; x_wconf 87' lang='lat' dir='ltr'>clausit·</span> 
     </span>
     <span class='ocr_line' id='line_1_5' title="bbox 487 612 1902 684; baseline -0.006 -17"><span class='ocrx_word' id='word_1_29' title='bbox 487 636 580 684; x_wconf 91' lang='lat' dir='ltr'>que</span> <span class='ocrx_word' id='word_1_30' title='bbox 602 620 764 666; x_wconf 91' lang='lat' dir='ltr'>locum</span> <span class='ocrx_word' id='word_1_31' title='bbox 786 616 916 663; x_wconf 91' lang='lat' dir='ltr'>unde</span> <span class='ocrx_word' id='word_1_32' title='bbox 941 615 1139 662; x_wconf 88' lang='lat' dir='ltr'>minime</span> <span class='ocrx_word' id='word_1_33' title='bbox 1161 615 1329 662; x_wconf 81' lang='lat' dir='ltr'>exituri</span> <span class='ocrx_word' id='word_1_34' title='bbox 1356 614 1512 662; x_wconf 88' lang='lat' dir='ltr'>forent</span> <span class='ocrx_word' id='word_1_35' title='bbox 1528 650 1540 673; x_wconf 92' lang='lat'>,</span> <span class='ocrx_word' id='word_1_36' title='bbox 1563 613 1720 661; x_wconf 91' lang='lat' dir='ltr'>donec</span> <span class='ocrx_word' id='word_1_37' title='bbox 1745 612 1902 677; x_wconf 91' lang='lat' dir='ltr'>ipsum</span> 
     </span>
     <span class='ocr_line' id='line_1_6' title="bbox 485 688 1903 757; baseline -0.006 -14"><span class='ocrx_word' id='word_1_38' title='bbox 485 695 637 743; x_wconf 86' lang='lat' dir='ltr'>filium</span> <span class='ocrx_word' id='word_1_39' title='bbox 660 711 799 742; x_wconf 91' lang='lat' dir='ltr'>suum</span> <span class='ocrx_word' id='word_1_40' title='bbox 822 694 871 740; x_wconf 89' lang='lat' dir='ltr'>in</span> <span class='ocrx_word' id='word_1_41' title='bbox 900 708 1038 740; x_wconf 91' lang='lat' dir='ltr'>suum</span> <span class='ocrx_word' id='word_1_42' title='bbox 1068 691 1343 757; x_wconf 88' lang='lat' dir='ltr'>pontificem</span> <span class='ocrx_word' id='word_1_43' title='bbox 1377 708 1433 739; x_wconf 90' lang='lat' dir='ltr'>ac</span> <span class='ocrx_word' id='word_1_44' title='bbox 1460 701 1701 757; x_wconf 83' lang='lat' dir='ltr'>pastorem</span> <span class='ocrx_word' id='word_1_45' title='bbox 1732 688 1903 736; x_wconf 83' lang='lat' dir='ltr'>duxis-</span> 
     </span>
     <span class='ocr_line' id='line_1_7' title="bbox 485 770 1902 837; baseline -0.004 -16"><span class='ocrx_word' id='word_1_46' title='bbox 485 784 589 821; x_wconf 88' lang='lat' dir='ltr'>sent</span> <span class='ocrx_word' id='word_1_47' title='bbox 613 772 908 837; x_wconf 86' lang='lat' dir='ltr'>eligendum.</span> <span class='ocrx_word' id='word_1_48' title='bbox 940 774 1096 829; x_wconf 88' lang='lat' dir='ltr'>Quem</span> <span class='ocrx_word' id='word_1_49' title='bbox 1123 787 1266 829; x_wconf 89' lang='lat' dir='ltr'>cum,</span> <span class='ocrx_word' id='word_1_50' title='bbox 1297 770 1379 818; x_wconf 89' lang='lat' dir='ltr'>tali</span> <span class='ocrx_word' id='word_1_51' title='bbox 1410 770 1720 836; x_wconf 86' lang='lat' dir='ltr'>impressione</span> <span class='ocrx_word' id='word_1_52' title='bbox 1760 777 1902 832; x_wconf 89' lang='lat' dir='ltr'>atque</span> 
     </span>
     <span class='ocr_line' id='line_1_8' title="bbox 483 845 1901 913; baseline -0.005 -14"><span class='ocrx_word' id='word_1_53' title='bbox 483 852 709 899; x_wconf 89' lang='lat' dir='ltr'>violentia</span> <span class='ocrx_word' id='word_1_54' title='bbox 729 849 885 898; x_wconf 89' lang='lat' dir='ltr'>adacti</span> <span class='ocrx_word' id='word_1_55' title='bbox 899 885 911 909; x_wconf 93' lang='lat'>,</span> <span class='ocrx_word' id='word_1_56' title='bbox 944 849 1097 897; x_wconf 84' lang='lat' dir='ltr'>taliter</span> <span class='ocrx_word' id='word_1_57' title='bbox 1118 849 1319 913; x_wconf 76' lang='lat' dir='ltr'>qualiter</span> <span class='ocrx_word' id='word_1_58' title='bbox 1340 848 1587 911; x_wconf 85' lang='lat' dir='ltr'>elegissent</span> <span class='ocrx_word' id='word_1_59' title='bbox 1609 883 1621 906; x_wconf 93' lang='lat'>,</span> <span class='ocrx_word' id='word_1_60' title='bbox 1654 862 1737 896; x_wconf 90' lang='lat' dir='ltr'>eos</span> <span class='ocrx_word' id='word_1_61' title='bbox 1753 845 1901 893; x_wconf 78' lang='lat' dir='ltr'>&#39;etiam</span> 
     </span>
     <span class='ocr_line' id='line_1_9' title="bbox 484 912 1903 992; baseline -0.004 -16"><span class='ocrx_word' id='word_1_62' title='bbox 484 929 642 992; x_wconf 84' lang='lat' dir='ltr'>adegit</span> <span class='ocrx_word' id='word_1_63' title='bbox 673 938 726 975; x_wconf 92' lang='lat' dir='ltr'>ut</span> <span class='ocrx_word' id='word_1_64' title='bbox 757 944 805 976; x_wconf 91' lang='lat' dir='ltr'>se</span> <span class='ocrx_word' id='word_1_65' title='bbox 837 937 884 975; x_wconf 88' lang='lat' dir='ltr'>et</span> <span class='ocrx_word' id='word_1_66' title='bbox 917 912 1135 974; x_wconf 78' lang='lat' dir='ltr'>omniurri</span> <span class='ocrx_word' id='word_1_67' title='bbox 1170 926 1475 974; x_wconf 89' lang='lat' dir='ltr'>ecclesiarum</span> <span class='ocrx_word' id='word_1_68' title='bbox 1502 939 1695 972; x_wconf 91' lang='lat' dir='ltr'>suarum</span> <span class='ocrx_word' id='word_1_69' title='bbox 1726 923 1903 970; x_wconf 86' lang='lat' dir='ltr'>fructus</span> 
     </span>
     <span class='ocr_line' id='line_1_10' title="bbox 483 1002 1898 1072; baseline -0.004 -18"><span class='ocrx_word' id='word_1_70' title='bbox 483 1006 610 1072; x_wconf 85' lang='lat' dir='ltr'>apud</span> <span class='ocrx_word' id='word_1_71' title='bbox 641 1005 987 1053; x_wconf 87' lang='lat' dir='ltr'>nummularios</span> <span class='ocrx_word' id='word_1_72' title='bbox 1018 1003 1150 1052; x_wconf 89' lang='lat' dir='ltr'>urbis</span> <span class='ocrx_word' id='word_1_73' title='bbox 1178 1004 1474 1052; x_wconf 90' lang='lat' dir='ltr'>Coloniensis</span> <span class='ocrx_word' id='word_1_74' title='bbox 1501 1013 1549 1051; x_wconf 89' lang='lat' dir='ltr'>et</span> <span class='ocrx_word' id='word_1_75' title='bbox 1569 1002 1898 1063; x_wconf 87' lang='lat' dir='ltr'>Venetiarum,</span> 
     </span>
     <span class='ocr_line' id='line_1_11' title="bbox 483 1082 1901 1146; baseline -0.003 -16"><span class='ocrx_word' id='word_1_76' title='bbox 483 1099 566 1130; x_wconf 92' lang='lat' dir='ltr'>seu</span> <span class='ocrx_word' id='word_1_77' title='bbox 588 1082 990 1142; x_wconf 87' lang='lat' dir='ltr'>Florentinorum,</span> <span class='ocrx_word' id='word_1_78' title='bbox 1018 1082 1285 1145; x_wconf 86' lang='lat' dir='ltr'>obligarent</span> <span class='ocrx_word' id='word_1_79' title='bbox 1306 1091 1447 1146; x_wconf 90' lang='lat' dir='ltr'>atque</span> <span class='ocrx_word' id='word_1_80' title='bbox 1468 1089 1792 1145; x_wconf 90' lang='lat' dir='ltr'>supponerent</span> <span class='ocrx_word' id='word_1_81' title='bbox 1811 1095 1901 1144; x_wconf 91' lang='lat' dir='ltr'>pro</span> 
     </span>
     <span class='ocr_line' id='line_1_12' title="bbox 483 1157 1901 1223; baseline -0.001 -17"><span class='ocrx_word' id='word_1_82' title='bbox 483 1176 670 1207; x_wconf 91' lang='lat' dir='ltr'>summa</span> <span class='ocrx_word' id='word_1_83' title='bbox 700 1178 794 1207; x_wconf 86' lang='lat' dir='ltr'>xxx</span> <span class='ocrx_word' id='word_1_84' title='bbox 821 1160 1025 1207; x_wconf 89' lang='lat' dir='ltr'>millium</span> <span class='ocrx_word' id='word_1_85' title='bbox 1059 1159 1344 1208; x_wconf 85' lang='lat' dir='ltr'>ducatorum</span> <span class='ocrx_word' id='word_1_86' title='bbox 1361 1195 1373 1218; x_wconf 94' lang='lat'><strong><em>‚</em></strong></span> <span class='ocrx_word' id='word_1_87' title='bbox 1408 1173 1554 1223; x_wconf 91' lang='lat' dir='ltr'>quam</span> <span class='ocrx_word' id='word_1_88' title='bbox 1589 1157 1901 1205; x_wconf 88' lang='lat' dir='ltr'>necessariam</span> 
     </span>
     <span class='ocr_line' id='line_1_13' title="bbox 482 1228 1902 1303; baseline -0.002 -19"><span class='ocrx_word' id='word_1_89' title='bbox 482 1237 573 1285; x_wconf 92' lang='lat' dir='ltr'>sibi</span> <span class='ocrx_word' id='word_1_90' title='bbox 595 1238 792 1303; x_wconf 85' lang='lat' dir='ltr'>putabat</span> <span class='ocrx_word' id='word_1_91' title='bbox 813 1237 875 1285; x_wconf 88' lang='lat' dir='ltr'>ad</span> <span class='ocrx_word' id='word_1_92' title='bbox 900 1236 1316 1285; x_wconf 83' lang='lat' dir='ltr'>confirmationem</span> <span class='ocrx_word' id='word_1_93' title='bbox 1344 1236 1588 1284; x_wconf 86' lang='lat' dir='ltr'>electionis</span> <span class='ocrx_word' id='word_1_94' title='bbox 1608 1228 1677 1282; x_wconf 90' lang='lat' dir='ltr'>de</span> <span class='ocrx_word' id='word_1_95' title='bbox 1691 1233 1791 1282; x_wconf 86' lang='lat' dir='ltr'>filio</span> <span class='ocrx_word' id='word_1_96' title='bbox 1813 1250 1902 1282; x_wconf 87' lang='lat' dir='ltr'>suo</span> 
     </span>
     <span class='ocr_line' id='line_1_14' title="bbox 484 1311 1901 1381; baseline -0.002 -19"><span class='ocrx_word' id='word_1_97' title='bbox 484 1315 613 1363; x_wconf 82' lang='lat' dir='ltr'>factae</span> <span class='ocrx_word' id='word_1_98' title='bbox 643 1333 672 1364; x_wconf 89' lang='lat' dir='ltr'>a</span> <span class='ocrx_word' id='word_1_99' title='bbox 705 1316 816 1364; x_wconf 88' lang='lat' dir='ltr'>sede</span> <span class='ocrx_word' id='word_1_100' title='bbox 841 1316 1102 1381; x_wconf 90' lang='lat' dir='ltr'>apostolica</span> <span class='ocrx_word' id='word_1_101' title='bbox 1132 1314 1464 1362; x_wconf 90' lang='lat' dir='ltr'>obtinendam.</span> <span class='ocrx_word' id='word_1_102' title='bbox 1495 1316 1655 1369; x_wconf 85' lang='lat' dir='ltr'>Caecus</span> <span class='ocrx_word' id='word_1_103' title='bbox 1686 1311 1901 1378; x_wconf 85' lang='lat' dir='ltr'>profecto</span> 
     </span>
     <span class='ocr_line' id='line_1_15' title="bbox 481 1387 1901 1457; baseline -0.003 -17"><span class='ocrx_word' id='word_1_104' title='bbox 481 1393 684 1440; x_wconf 88' lang='lat' dir='ltr'>nimium</span> <span class='ocrx_word' id='word_1_105' title='bbox 709 1403 850 1457; x_wconf 89' lang='lat' dir='ltr'>atque</span> <span class='ocrx_word' id='word_1_106' title='bbox 870 1393 1065 1441; x_wconf 90' lang='lat' dir='ltr'>insanus</span> <span class='ocrx_word' id='word_1_107' title='bbox 1086 1403 1134 1440; x_wconf 92' lang='lat' dir='ltr'>et</span> <span class='ocrx_word' id='word_1_108' title='bbox 1154 1393 1328 1439; x_wconf 91' lang='lat' dir='ltr'>mentis</span> <span class='ocrx_word' id='word_1_109' title='bbox 1349 1392 1523 1457; x_wconf 85' lang='lat' dir='ltr'>impos,</span> <span class='ocrx_word' id='word_1_110' title='bbox 1545 1391 1628 1456; x_wconf 92' lang='lat' dir='ltr'>qui</span> <span class='ocrx_word' id='word_1_111' title='bbox 1646 1387 1901 1456; x_wconf 85' lang='lat' dir='ltr'>[sperabat]</span> 
     </span>
     <span class='ocr_line' id='line_1_16' title="bbox 482 1468 1903 1535; baseline -0.002 -18"><span class='ocrx_word' id='word_1_112' title='bbox 482 1486 567 1535; x_wconf 88' lang='lat' dir='ltr'>per</span> <span class='ocrx_word' id='word_1_113' title='bbox 603 1480 701 1517; x_wconf 90' lang='lat' dir='ltr'>tam</span> <span class='ocrx_word' id='word_1_114' title='bbox 734 1469 1033 1518; x_wconf 88' lang='lat' dir='ltr'>horrendum</span> <span class='ocrx_word' id='word_1_115' title='bbox 1066 1470 1373 1535; x_wconf 86' lang='lat' dir='ltr'>parricidium</span> <span class='ocrx_word' id='word_1_116' title='bbox 1411 1485 1441 1517; x_wconf 89' lang='lat' dir='ltr'>a</span> <span class='ocrx_word' id='word_1_117' title='bbox 1475 1485 1524 1517; x_wconf 89' lang='lat' dir='ltr'>se</span> <span class='ocrx_word' id='word_1_118' title='bbox 1550 1468 1726 1516; x_wconf 89' lang='lat' dir='ltr'>factum</span> <span class='ocrx_word' id='word_1_119' title='bbox 1763 1482 1903 1532; x_wconf 90' lang='lat' dir='ltr'>posse</span> 
     </span>
     <span class='ocr_line' id='line_1_17' title="bbox 483 1545 1898 1614; baseline -0.002 -19"><span class='ocrx_word' id='word_1_120' title='bbox 483 1547 582 1596; x_wconf 86' lang='lat' dir='ltr'>filio</span> <span class='ocrx_word' id='word_1_121' title='bbox 612 1565 699 1596; x_wconf 93' lang='lat' dir='ltr'>suo</span> <span class='ocrx_word' id='word_1_122' title='bbox 715 1585 727 1608; x_wconf 95' lang='lat'>‚</span> <span class='ocrx_word' id='word_1_123' title='bbox 773 1549 840 1605; x_wconf 89' lang='lat' dir='ltr'>sic</span> <span class='ocrx_word' id='word_1_124' title='bbox 872 1564 958 1614; x_wconf 89' lang='lat' dir='ltr'>per</span> <span class='ocrx_word' id='word_1_125' title='bbox 985 1549 1346 1614; x_wconf 87' lang='lat' dir='ltr'>impressionem</span> <span class='ocrx_word' id='word_1_126' title='bbox 1377 1547 1661 1611; x_wconf 88' lang='lat' dir='ltr'>nulliterque</span> <span class='ocrx_word' id='word_1_127' title='bbox 1700 1545 1851 1594; x_wconf 87' lang='lat' dir='ltr'>electo</span> <span class='ocrx_word' id='word_1_128' title='bbox 1867 1547 1898 1604; x_wconf 79' lang='lat'>²,</span> 
     </span>
     <span class='ocr_line' id='line_1_18' title="bbox 481 1624 1902 1691; baseline -0.001 -18"><span class='ocrx_word' id='word_1_129' title='bbox 481 1625 598 1673; x_wconf 93' lang='lat' dir='ltr'>illud</span> <span class='ocrx_word' id='word_1_130' title='bbox 633 1627 902 1691; x_wconf 86' lang='lat' dir='ltr'>episcopale</span> <span class='ocrx_word' id='word_1_131' title='bbox 931 1626 1167 1690; x_wconf 84' lang='lat' dir='ltr'>fastigium</span> <span class='ocrx_word' id='word_1_132' title='bbox 1202 1626 1453 1686; x_wconf 85' lang='lat' dir='ltr'>obvenire,</span> <span class='ocrx_word' id='word_1_133' title='bbox 1480 1642 1590 1673; x_wconf 91' lang='lat' dir='ltr'>cum</span> <span class='ocrx_word' id='word_1_134' title='bbox 1623 1624 1719 1672; x_wconf 90' lang='lat' dir='ltr'>hoc</span> <span class='ocrx_word' id='word_1_135' title='bbox 1746 1625 1902 1689; x_wconf 92' lang='lat' dir='ltr'>ipsum</span> 
     </span>
     <span class='ocr_line' id='line_1_19' title="bbox 481 1693 1903 1766; baseline -0.001 -17"><span class='ocrx_word' id='word_1_136' title='bbox 481 1719 581 1750; x_wconf 87' lang='lat' dir='ltr'>non</span> <span class='ocrx_word' id='word_1_137' title='bbox 601 1703 750 1750; x_wconf 91' lang='lat' dir='ltr'>modo</span> <span class='ocrx_word' id='word_1_138' title='bbox 771 1703 935 1750; x_wconf 85' lang='lat' dir='ltr'>omnia</span> <span class='ocrx_word' id='word_1_139' title='bbox 954 1703 1062 1766; x_wconf 85' lang='lat' dir='ltr'>jura</span> <span class='ocrx_word' id='word_1_140' title='bbox 1080 1702 1244 1751; x_wconf 87' lang='lat' dir='ltr'>divina</span> <span class='ocrx_word' id='word_1_141' title='bbox 1265 1713 1312 1750; x_wconf 90' lang='lat' dir='ltr'>et</span> <span class='ocrx_word' id='word_1_142' title='bbox 1327 1703 1541 1750; x_wconf 85' lang='lat' dir='ltr'>humana</span> <span class='ocrx_word' id='word_1_143' title='bbox 1556 1737 1568 1761; x_wconf 91' lang='lat'><strong><em>‚</em></strong></span> <span class='ocrx_word' id='word_1_144' title='bbox 1595 1700 1678 1748; x_wconf 93' lang='lat' dir='ltr'>sed</span> <span class='ocrx_word' id='word_1_145' title='bbox 1699 1693 1747 1749; x_wconf 84' lang='lat' dir='ltr'>et</span> <span class='ocrx_word' id='word_1_146' title='bbox 1775 1710 1903 1751; x_wconf 75' lang='lat' dir='ltr'>totus</span> 
     </span>
     <span class='ocr_line' id='line_1_20' title="bbox 481 1780 1864 1845; baseline -0.002 -17"><span class='ocrx_word' id='word_1_147' title='bbox 481 1781 764 1829; x_wconf 87' lang='lat' dir='ltr'>christianus</span> <span class='ocrx_word' id='word_1_148' title='bbox 790 1781 922 1828; x_wconf 90' lang='lat' dir='ltr'>orbis</span> <span class='ocrx_word' id='word_1_149' title='bbox 936 1780 1154 1844; x_wconf 86' lang='lat' dir='ltr'>horreret</span> <span class='ocrx_word' id='word_1_150' title='bbox 1174 1792 1316 1845; x_wconf 86' lang='lat' dir='ltr'>atque</span> <span class='ocrx_word' id='word_1_151' title='bbox 1337 1781 1507 1827; x_wconf 85' lang='lat' dir='ltr'>merito</span> <span class='ocrx_word' id='word_1_152' title='bbox 1529 1788 1864 1827; x_wconf 84' lang='lat' dir='ltr'>exsecraretur.</span> 
     </span>
     <span class='ocr_line' id='line_1_21' title="bbox 547 1857 1903 1924; baseline -0.002 -18"><span class='ocrx_word' id='word_1_153' title='bbox 547 1860 713 1907; x_wconf 89' lang='lat' dir='ltr'>Statim</span> <span class='ocrx_word' id='word_1_154' title='bbox 746 1870 905 1907; x_wconf 88' lang='lat' dir='ltr'>autem</span> <span class='ocrx_word' id='word_1_155' title='bbox 942 1870 992 1907; x_wconf 91' lang='lat' dir='ltr'>ut</span> <span class='ocrx_word' id='word_1_156' title='bbox 1028 1860 1227 1907; x_wconf 86' lang='lat' dir='ltr'>civitatis</span> <span class='ocrx_word' id='word_1_157' title='bbox 1254 1859 1456 1924; x_wconf 92' lang='lat' dir='ltr'>imperio</span> <span class='ocrx_word' id='word_1_158' title='bbox 1493 1868 1541 1905; x_wconf 90' lang='lat' dir='ltr'>et</span> <span class='ocrx_word' id='word_1_159' title='bbox 1572 1857 1903 1905; x_wconf 89' lang='lat' dir='ltr'>dominatione</span> 
     </span>
     <span class='ocr_line' id='line_1_22' title="bbox 483 1934 1902 2003; baseline -0.002 -20"><span class='ocrx_word' id='word_1_160' title='bbox 483 1947 553 1983; x_wconf 87' lang='lat' dir='ltr'>est</span> <span class='ocrx_word' id='word_1_161' title='bbox 576 1938 770 2002; x_wconf 87' lang='lat' dir='ltr'>potitus,</span> <span class='ocrx_word' id='word_1_162' title='bbox 800 1937 1076 2002; x_wconf 90' lang='lat' dir='ltr'>peromnia</span> <span class='ocrx_word' id='word_1_163' title='bbox 1096 1937 1257 2003; x_wconf 86' lang='lat' dir='ltr'>patriae</span> <span class='ocrx_word' id='word_1_164' title='bbox 1279 1935 1551 1984; x_wconf 92' lang='lat' dir='ltr'>Leodiensis</span> <span class='ocrx_word' id='word_1_165' title='bbox 1581 1934 1758 2001; x_wconf 89' lang='lat' dir='ltr'>oppida</span> <span class='ocrx_word' id='word_1_166' title='bbox 1782 1950 1902 1980; x_wconf 88' lang='lat' dir='ltr'>nun-</span> 
     </span>
     <span class='ocr_line' id='line_1_23' title="bbox 482 2014 1902 2079; baseline -0.001 -19"><span class='ocrx_word' id='word_1_167' title='bbox 482 2015 573 2061; x_wconf 87' lang='lat' dir='ltr'>tios</span> <span class='ocrx_word' id='word_1_168' title='bbox 592 2015 719 2062; x_wconf 92' lang='lat' dir='ltr'>misit</span> <span class='ocrx_word' id='word_1_169' title='bbox 739 2025 973 2078; x_wconf 86' lang='lat' dir='ltr'>quatenus</span> <span class='ocrx_word' id='word_1_170' title='bbox 990 2015 1052 2063; x_wconf 89' lang='lat' dir='ltr'>ad</span> <span class='ocrx_word' id='word_1_171' title='bbox 1071 2032 1138 2075; x_wconf 88' lang='lat' dir='ltr'>se,</span> <span class='ocrx_word' id='word_1_172' title='bbox 1167 2014 1415 2074; x_wconf 91' lang='lat' dir='ltr'>Leodium,</span> <span class='ocrx_word' id='word_1_173' title='bbox 1441 2024 1688 2079; x_wconf 80' lang='lat' dir='ltr'>portarum</span> <span class='ocrx_word' id='word_1_174' title='bbox 1708 2028 1902 2060; x_wconf 78' lang='lat' dir='ltr'>suarum</span> 
     </span>
     <span class='ocr_line' id='line_1_24' title="bbox 482 2090 1901 2156; baseline -0.001 -19"><span class='ocrx_word' id='word_1_175' title='bbox 482 2091 637 2138; x_wconf 87' lang='lat' dir='ltr'>claves</span> <span class='ocrx_word' id='word_1_176' title='bbox 669 2091 907 2139; x_wconf 85' lang='lat' dir='ltr'>deferrent</span> <span class='ocrx_word' id='word_1_177' title='bbox 920 2094 950 2152; x_wconf 76' lang='lat'>⁸,</span> <span class='ocrx_word' id='word_1_178' title='bbox 987 2102 1129 2156; x_wconf 84' lang='lat' dir='ltr'>atque</span> <span class='ocrx_word' id='word_1_179' title='bbox 1160 2102 1222 2139; x_wconf 70' lang='lat' dir='ltr'>„t</span> <span class='ocrx_word' id='word_1_180' title='bbox 1260 2091 1380 2151; x_wconf 91' lang='lat' dir='ltr'>sibi,</span> <span class='ocrx_word' id='word_1_181' title='bbox 1419 2092 1548 2139; x_wconf 87' lang='lat' dir='ltr'>velut</span> <span class='ocrx_word' id='word_1_182' title='bbox 1585 2090 1789 2138; x_wconf 81' lang='lat' dir='ltr'>domino</span> <span class='ocrx_word' id='word_1_183' title='bbox 1817 2105 1901 2136; x_wconf 89' lang='lat' dir='ltr'>seu</span> 
     </span>
     <span class='ocr_line' id='line_1_25' title="bbox 481 2168 1901 2236; baseline -0.001 -20"><span class='ocrx_word' id='word_1_184' title='bbox 481 2168 719 2217; x_wconf 88' lang='lat' dir='ltr'>defensori</span> <span class='ocrx_word' id='word_1_185' title='bbox 755 2171 940 2235; x_wconf 81' lang='lat' dir='ltr'>patriae,</span> <span class='ocrx_word' id='word_1_186' title='bbox 987 2170 1213 2236; x_wconf 84' lang='lat' dir='ltr'>parituri,</span> <span class='ocrx_word' id='word_1_187' title='bbox 1246 2169 1398 2217; x_wconf 86' lang='lat' dir='ltr'>fidelis</span> <span class='ocrx_word' id='word_1_188' title='bbox 1429 2168 1711 2216; x_wconf 82' lang='lat' dir='ltr'>obedientiae</span> <span class='ocrx_word' id='word_1_189' title='bbox 1740 2183 1901 2215; x_wconf 90' lang='lat' dir='ltr'>sacra-</span> 
     </span>
     <span class='ocr_line' id='line_1_26' title="bbox 480 2245 1897 2312; baseline -0.001 -19"><span class='ocrx_word' id='word_1_190' title='bbox 480 2256 642 2294; x_wconf 88' lang='lat' dir='ltr'>menta</span> <span class='ocrx_word' id='word_1_191' title='bbox 655 2258 945 2312; x_wconf 79' lang='lat' dir='ltr'>praestarent.</span> <span class='ocrx_word' id='word_1_192' title='bbox 968 2247 1111 2306; x_wconf 92' lang='lat' dir='ltr'>Quod</span> <span class='ocrx_word' id='word_1_193' title='bbox 1131 2248 1305 2307; x_wconf 85' lang='lat' dir='ltr'>statim,</span> <span class='ocrx_word' id='word_1_194' title='bbox 1322 2264 1421 2294; x_wconf 92' lang='lat' dir='ltr'>non</span> <span class='ocrx_word' id='word_1_195' title='bbox 1442 2246 1636 2311; x_wconf 92' lang='lat' dir='ltr'>quidem</span> <span class='ocrx_word' id='word_1_196' title='bbox 1652 2245 1700 2293; x_wconf 87' lang='lat' dir='ltr'>vi</span> <span class='ocrx_word' id='word_1_197' title='bbox 1715 2255 1897 2305; x_wconf 87' lang='lat' dir='ltr'>coacta,</span> 
     </span>
     <span class='ocr_line' id='line_1_27' title="bbox 478 2317 1901 2390; baseline -0.001 -19"><span class='ocrx_word' id='word_1_198' title='bbox 478 2323 563 2371; x_wconf 85' lang='lat' dir='ltr'>sed</span> <span class='ocrx_word' id='word_1_199' title='bbox 595 2335 859 2389; x_wconf 90' lang='lat' dir='ltr'>spontanea</span> <span class='ocrx_word' id='word_1_200' title='bbox 890 2336 938 2373; x_wconf 92' lang='lat' dir='ltr'>et</span> <span class='ocrx_word' id='word_1_201' title='bbox 976 2325 1192 2373; x_wconf 88' lang='lat' dir='ltr'>volenter</span> <span class='ocrx_word' id='word_1_202' title='bbox 1220 2325 1384 2372; x_wconf 90' lang='lat' dir='ltr'>omnia</span> <span class='ocrx_word' id='word_1_203' title='bbox 1412 2325 1573 2390; x_wconf 83' lang='lat' dir='ltr'>patriae</span> <span class='ocrx_word' id='word_1_204' title='bbox 1604 2317 1783 2389; x_wconf 87' lang='lat' dir='ltr'>oppida</span> <span class='ocrx_word' id='word_1_205' title='bbox 1809 2321 1901 2370; x_wconf 90' lang='lat' dir='ltr'>sibi</span> 
     </span>
     <span class='ocr_line' id='line_1_28' title="bbox 478 2401 1890 2467; baseline 0.004 -17"><span class='ocrx_word' id='word_1_206' title='bbox 478 2402 693 2467; x_wconf 88' lang='lat' dir='ltr'>parendo</span> <span class='ocrx_word' id='word_1_207' title='bbox 717 2402 945 2450; x_wconf 84' lang='lat' dir='ltr'>fecerunt.</span> <span class='ocrx_word' id='word_1_208' title='bbox 1888 2401 1890 2403; x_wconf 32' lang='lat'><strong><em>¹</em></strong></span> 
     </span>
    </p>
   </div>
   <div class='ocr_carea' id='block_1_3' title="bbox 478 2496 1900 2674">
    <p class='ocr_par' dir='ltr' id='par_1_3' title="bbox 478 2496 1900 2674">
     <span class='ocr_line' id='line_1_29' title="bbox 533 2496 1898 2549; baseline -0.001 -14"><span class='ocrx_word' id='word_1_209' title='bbox 533 2499 573 2537; x_wconf 93' lang='grc'>1.</span> <span class='ocrx_word' id='word_1_210' title='bbox 600 2515 616 2530; x_wconf 78' lang='grc' dir='ltr'>«ι</span> <span class='ocrx_word' id='word_1_211' title='bbox 641 2500 771 2535; x_wconf 87' lang='lat' dir='ltr'>Pnant</span> <span class='ocrx_word' id='word_1_212' title='bbox 791 2511 866 2549; x_wconf 91' lang='lat' dir='ltr'>que</span> <span class='ocrx_word' id='word_1_213' title='bbox 884 2512 955 2536; x_wconf 88' lang='lat' dir='ltr'>son</span> <span class='ocrx_word' id='word_1_214' title='bbox 974 2499 1075 2537; x_wconf 79' lang='lat' dir='ltr'>frere</span> <span class='ocrx_word' id='word_1_215' title='bbox 1090 2497 1215 2539; x_wconf 85' lang='lat' dir='ltr'>Jehan</span> <span class='ocrx_word' id='word_1_216' title='bbox 1235 2498 1283 2536; x_wconf 91' lang='lat' dir='ltr'>de</span> <span class='ocrx_word' id='word_1_217' title='bbox 1299 2500 1354 2536; x_wconf 88' lang='lat' dir='ltr'>La</span> <span class='ocrx_word' id='word_1_218' title='bbox 1371 2497 1502 2536; x_wconf 87' lang='lat' dir='ltr'>Marck</span> <span class='ocrx_word' id='word_1_219' title='bbox 1517 2525 1528 2544; x_wconf 95' lang='lat'>,</span> <span class='ocrx_word' id='word_1_220' title='bbox 1555 2496 1746 2535; x_wconf 88' lang='lat' dir='ltr'>estudiant</span> <span class='ocrx_word' id='word_1_221' title='bbox 1765 2498 1789 2534; x_wconf 73' lang='lat' dir='ltr'>a</span> <span class='ocrx_word' id='word_1_222' title='bbox 1811 2496 1898 2545; x_wconf 85' lang='lat' dir='ltr'>Col-</span> 
     </span>
     <span class='ocr_line' id='line_1_30' title="bbox 478 2558 1899 2612; baseline -0.001 -15"><span class='ocrx_word' id='word_1_223' title='bbox 478 2559 644 2611; x_wconf 85' lang='lat' dir='ltr'>longne,</span> <span class='ocrx_word' id='word_1_224' title='bbox 668 2559 746 2598; x_wconf 86' lang='lat' dir='ltr'>fust</span> <span class='ocrx_word' id='word_1_225' title='bbox 772 2560 878 2598; x_wconf 90' lang='lat' dir='ltr'>esleu</span> <span class='ocrx_word' id='word_1_226' title='bbox 906 2561 1087 2612; x_wconf 81' lang='lat' dir='ltr'>evesque.</span> <span class='ocrx_word' id='word_1_227' title='bbox 1117 2578 1133 2594; x_wconf 71' lang='grc' dir='ltr'>»ι</span> <span class='ocrx_word' id='word_1_228' title='bbox 1167 2560 1346 2608; x_wconf 82' lang='lat' dir='ltr'>Molinet,</span> <span class='ocrx_word' id='word_1_229' title='bbox 1372 2560 1400 2598; x_wconf 90' lang='lat' dir='ltr'>l.</span> <span class='ocrx_word' id='word_1_230' title='bbox 1430 2572 1469 2597; x_wconf 80' lang='lat' dir='ltr'>c.</span> <span class='ocrx_word' id='word_1_231' title='bbox 1497 2558 1596 2598; x_wconf 88' lang='lat' dir='ltr'>C&#39;est</span> <span class='ocrx_word' id='word_1_232' title='bbox 1624 2572 1673 2597; x_wconf 92' lang='lat' dir='ltr'>en</span> <span class='ocrx_word' id='word_1_233' title='bbox 1702 2559 1793 2598; x_wconf 81' lang='lat' dir='ltr'>esset</span> <span class='ocrx_word' id='word_1_234' title='bbox 1829 2571 1899 2596; x_wconf 87' lang='lat' dir='ltr'>son</span> 
     </span>
     <span class='ocr_line' id='line_1_31' title="bbox 478 2619 1900 2674; baseline 0 -15"><span class='ocrx_word' id='word_1_235' title='bbox 478 2621 579 2660; x_wconf 76' lang='lat' dir='ltr'>frere</span> <span class='ocrx_word' id='word_1_236' title='bbox 597 2629 635 2659; x_wconf 90' lang='lat' dir='ltr'>et</span> <span class='ocrx_word' id='word_1_237' title='bbox 651 2634 731 2659; x_wconf 91' lang='lat' dir='ltr'>non</span> <span class='ocrx_word' id='word_1_238' title='bbox 752 2634 822 2660; x_wconf 90' lang='lat' dir='ltr'>son</span> <span class='ocrx_word' id='word_1_239' title='bbox 843 2622 902 2660; x_wconf 76' lang='lat' dir='ltr'>fils</span> <span class='ocrx_word' id='word_1_240' title='bbox 921 2636 997 2674; x_wconf 92' lang='lat' dir='ltr'>que</span> <span class='ocrx_word' id='word_1_241' title='bbox 1016 2623 1232 2662; x_wconf 88' lang='lat' dir='ltr'>Guillaume</span> <span class='ocrx_word' id='word_1_242' title='bbox 1251 2623 1300 2661; x_wconf 90' lang='lat' dir='ltr'>de</span> <span class='ocrx_word' id='word_1_243' title='bbox 1318 2625 1372 2661; x_wconf 87' lang='lat' dir='ltr'>La</span> <span class='ocrx_word' id='word_1_244' title='bbox 1390 2621 1521 2660; x_wconf 84' lang='lat' dir='ltr'>Marck</span> <span class='ocrx_word' id='word_1_245' title='bbox 1538 2622 1674 2660; x_wconf 88' lang='lat' dir='ltr'>voulut</span> <span class='ocrx_word' id='word_1_246' title='bbox 1693 2619 1900 2660; x_wconf 85' lang='lat' dir='ltr'>substituer</span> 
     </span>
    </p>
   </div>
   <div class='ocr_carea' id='block_1_4' title="bbox 477 2683 916 2860">
    <p class='ocr_par' dir='ltr' id='par_1_4' title="bbox 477 2683 916 2860">
     <span class='ocr_line' id='line_1_32' title="bbox 477 2683 916 2725; baseline 0.007 -4"><span class='ocrx_word' id='word_1_247' title='bbox 477 2686 498 2721; x_wconf 76' lang='lat' dir='ltr'>a</span> <span class='ocrx_word' id='word_1_248' title='bbox 520 2683 636 2722; x_wconf 75' lang='lat' dir='ltr'>Louis</span> <span class='ocrx_word' id='word_1_249' title='bbox 655 2683 704 2722; x_wconf 88' lang='lat' dir='ltr'>de</span> <span class='ocrx_word' id='word_1_250' title='bbox 719 2683 916 2725; x_wconf 91' lang='lat' dir='ltr'>Bourbon.</span> 
     </span>
     <span class='ocr_line' id='line_1_33' title="bbox 530 2748 829 2787; baseline 0.003 -4"><span class='ocrx_word' id='word_1_251' title='bbox 530 2748 569 2787; x_wconf 75' lang='lat'>2.</span> <span class='ocrx_word' id='word_1_252' title='bbox 599 2749 672 2783; x_wconf 89' lang='lat' dir='ltr'>Ms.</span> <span class='ocrx_word' id='word_1_253' title='bbox 695 2750 829 2785; x_wconf 79' lang='lat' dir='ltr'>illecto.</span> 
     </span>
     <span class='ocr_line' id='line_1_34' title="bbox 530 2810 909 2860; baseline 0.005 -14"><span class='ocrx_word' id='word_1_254' title='bbox 530 2811 567 2848; x_wconf 62' lang='lat'>3⁴.</span> <span class='ocrx_word' id='word_1_255' title='bbox 600 2812 671 2848; x_wconf 77' lang='lat' dir='ltr'>Ms.</span> <span class='ocrx_word' id='word_1_256' title='bbox 692 2810 909 2860; x_wconf 80' lang='lat' dir='ltr'>differrent.</span> 
     </span>
    </p>
   </div>
  </div>
 </body>
</html>
