2060 3392
472 329 547 366 308
1036 310 1302 372 APOLOG1A‚

471 414 880 480 quemadmodum
902 412 1174 472 retulimus,
1202 421 1250 458 et
1269 410 1378 458 lassi
1410 419 1457 457 et
1489 410 1749 475 plurimum
1769 412 1886 460 alte-

469 491 556 537 rati
578 490 885 537 redieramus.
926 490 1021 534 Nec
1049 487 1147 534 ullo
1170 485 1318 541 modo
1343 484 1612 532 haesitamus
1633 485 1709 533 vel
1729 484 1884 534 ambi-

467 584 615 630 guum
638 565 871 614 habemus
895 564 1030 628 quin,
1049 564 1088 611 si
1114 563 1273 611 adhuc
1296 561 1384 610 sub
1408 562 1590 610 ditione
1611 572 1659 610 et
1677 563 1728 610 in
1749 564 1885 612 terris

465 645 596 708 regis
634 638 815 691 inventi
860 641 1130 700 fuissemus,
1175 639 1452 704 hujusmodi
1493 641 1885 706 peregrinationis

465 739 587 768 onus
603 736 792 768 necesse
814 719 973 767 subire
998 718 1358 778 habuissemus3
1386 717 1516 765 unde
1537 719 1707 783 procul
1731 718 1883 766 dubio

463 816 711 865 nunquam
747 798 1072 860 rediissemus,
1105 807 1284 846 attenta
1312 796 1582 844 vehementi
1605 797 1882 846 alteratione

460 893 606 942 quam
629 877 980 923 incurreramus
999 874 1079 939 (et
1108 885 1212 922 tum
1243 874 1402 923 adhuc
1434 890 1490 921 ea
1527 873 1881 940 detinebamur)

458 973 516 1003 ex
551 955 673 1002 sacta
710 954 930 1018 proximo
959 962 1069 1000 ante
1099 969 1263 999 mense
1294 962 1341 1000 et
1371 951 1619 1017 perfuncta
1642 952 1722 1000 illa
1753 953 1881 1017 lega·

458 1034 604 1080 tione.
642 1034 755 1080 Erat
775 1032 904 1080 enim
933 1047 990 1078 ea
1010 1046 1120 1095 pars
1145 1031 1290 1092 anni,
1324 1046 1511 1077 menses
1535 1030 1713 1077 scilicet
1736 1030 1880 1078 aestivi

451 1110 573 1173 junii
596 1119 643 1156 et
659 1108 791 1173 julii,
829 1108 879 1154 in
903 1107 1078 1172 quibus
1105 1108 1155 1154 in
1178 1107 1258 1154 illa
1279 1106 1461 1154 torrida
1482 1107 1677 1170 regione
1705 1108 1881 1157 solares

455 1195 592 1233 aestus
611 1186 771 1233 saevire
791 1184 996 1231 maxime
1014 1194 1062 1231 et
1082 1193 1263 1231 torrere
1282 1194 1648 1230 consueverunt.

519 1264 614 1311 Sed
639 1263 735 1324 ille,
770 1272 816 1310 et
847 1279 947 1309 non
971 1261 1108 1318 alius,
1150 1271 1250 1308 erat
1282 1261 1427 1307 totius
1454 1260 1731 1325 hujusmodi
1751 1261 1878 1326 lega·

456 1343 599 1389 tionis
620 1341 786 1389 affictae
810 1351 857 1388 et
878 1340 1154 1405 compositae
1175 1339 1283 1386 finis
1298 1375 1310 1399 ,
1334 1338 1396 1387 ab
1417 1339 1508 1387 illis
1530 1339 1818 1405 impiissimis
1833 1350 1880 1388 et

453 1419 777 1484 perfidissimis
798 1417 1079 1465 hominibus
1103 1417 1331 1478 intentus',
1354 1417 1437 1481 qui
1459 1433 1560 1464 non
1582 1416 1712 1465 aliud
1735 1434 1880 1482 quam

454 1513 544 1544 nos
559 1496 799 1561 perditum
825 1496 883 1542 iri
905 1505 952 1542 et
971 1493 1220 1542 laboribus
1240 1503 1382 1557 atque
1397 1494 1625 1541 molestiis
1643 1505 1690 1542 et
1710 1495 1880 1543 inediis

455 1573 630 1621 confici
662 1571 940 1637 satagebant
976 1581 1024 1618 et
1059 1571 1361 1634 quaerebant,
1395 1581 1449 1618 ut
1476 1571 1642 1634 nobis,
1680 1589 1878 1637 quoquo

452 1651 601 1699 modo
623 1651 720 1699 vita
739 1650 926 1709 functis,
945 1649 1007 1696 ad
1025 1649 1372 1713 assequendam
1393 1650 1641 1697 ecclesiam
1662 1660 1878 1698 nostram

451 1739 646 1794 possent
673 1729 937 1793 pervenire.
978 1730 1197 1785 Quorum
1221 1726 1456 1792 improbis
1491 1738 1537 1774 et
1563 1727 1753 1775 nefariis
1775 1746 1877 1793 sug·

452 1805 746 1871 gestionibus
781 1805 832 1851 in
866 1814 1051 1851 tantum
1088 1821 1170 1851 rex
1209 1803 1504 1852 obaudiebat
1540 1821 1877 1869 assensumque

451 1882 702 1948 praestabat
730 1892 809 1943 ut,
835 1898 864 1929 a
887 1881 1130 1928 nonnullis
1162 1881 1222 1928 de
1256 1881 1566 1947 primioribus
1599 1892 1740 1946 atque
1771 1883 1879 1931 inti·

451 1960 683 2007 mioribus
705 1960 788 2024 qui
810 1959 936 2006 circa
960 1975 1120 2022 regem
1135 1969 1301 2019 verant,
1338 1959 1479 2007 nobis
1504 1977 1591 2025 per
1614 1959 1736 2008 fidos
1754 1977 1886 2008 nun·-

451 2038 542 2084 tios
571 2037 636 2084 ob
671 2054 779 2084 eam
803 2037 955 2089 solam
989 2052 1181 2083 causam
1215 2035 1278 2083 ad
1308 2053 1398 2084 nos
1429 2054 1458 2084 a
1485 2036 1702 2084 ducentis
1729 2037 1876 2084 leucis

450 2116 618 2179 procul
641 2131 790 2179 usque
812 2113 1151 2179 Per-pinianum
1177 2114 1345 2161 missos
1368 2114 1502 2178 (nam
1521 2114 1613 2162 tale
1637 2124 1873 2162 secretum

449 2193 614 2240 litteris
633 2192 930 2240 committere
947 2191 1216 2238 nullatenus
1235 2192 1336 2238 ausi
1354 2191 1570 2255 fuissent)
1585 2191 1726 2238 nobis
1737 2191 1876 2238 fuerit

451 2270 626 2335 pluries
657 2269 945 2327 nuntiatum,
980 2268 1256 2332 priusquam
1290 2268 1576 2332 Perpiniano
1627 2268 1874 2315 excedere·

450 2364 573 2407 mus,
588 2356 842 2411 postquam
854 2355 1015 2393 tamen
1033 2345 1273 2392 licentiam
1283 2345 1550 2392 revertendi
1561 2345 1611 2391 in
1625 2346 1872 2394 Franciam

445 2424 546 2487 jam
567 2439 901 2488 acceperamus
917 2459 929 2483 ,
958 2422 1090 2486 quod
1112 2423 1162 2468 in
1187 2422 1464 2486 hujusmodi
1486 2439 1711 2471 concessa
1731 2422 1874 2471 nobis

449 2501 640 2548 licentia
657 2516 828 2565 parum
854 2499 999 2546 fidere
1022 2498 1334 2559 debebamus,
1364 2498 1593 2563 quodque
1624 2499 1766 2548 nobis
1792 2517 1873 2548 ne-

449 2579 703 2626 cessarium
739 2587 864 2636 erat,
910 2577 949 2624 si
983 2576 1112 2623 illinc
1158 2575 1379 2623 recedere
1420 2594 1636 2641 unquam
1672 2577 1871 2626 debere-

449 2674 579 2718 mus,
610 2656 758 2704 alium
785 2655 998 2702 colorem
1033 2653 1162 2719 apud
1193 2671 1353 2718 regem
1375 2655 1690 2719 praetendere,
1723 2670 1869 2721 quam

447 2734 566 2781 aeris
590 2743 637 2780 et
662 2732 893 2780 coelorum
926 2730 1049 2778 illius
1084 2740 1217 2778 terrae
1249 2731 1664 2797 intemperantiam
1691 2742 1738 2780 et
1775 2733 1870 2780 dis-

444 2811 828 2860 convenientiam
851 2819 1022 2858 nostrae
1044 2808 1366 2873 complexioni
1389 2820 1436 2857 et
1456 2811 1617 2871 saluti;
1644 2827 1758 2860 nam
1780 2811 1867 2858 hu-
