2060 3392
422 282 498 319 352
988 283 1236 321 APOLOGIA
1247 311 1258 330 ‚

357 378 366 389 ⁸
420 368 639 418 absentes
667 369 930 433 quidquam
952 369 1013 419 de
1035 370 1442 420 administratione
1467 372 1585 436 ejus,
1618 374 1692 423 vel
1719 385 1838 424 tem·

420 447 658 513 poralium
678 448 752 494 vel
771 448 1103 512 spiritualium,
1129 466 1387 514 procurare
1411 460 1493 498 aut
1515 467 1676 514 gerere
1689 487 1702 512 ‚
1725 452 1837 501 cum

420 525 509 572 nec
531 524 753 571 nuntium
779 534 860 571 aut
888 525 1137 589 epistolam
1165 528 1416 592 quisquam
1451 544 1481 576 a
1514 528 1656 576 nobis
1693 531 1839 578 susci·

419 617 532 665 pere
554 601 629 648 vel
653 600 713 648 ad
737 617 827 648 nos
853 601 954 648 sine
983 602 1190 649 evidenti
1212 605 1284 650 sui
1309 605 1474 669 capitis
1495 605 1708 670 periculo
1733 606 1838 655 des·

419 679 570 726 tinare
585 678 784 725 *auderet
806 697 817 725 :
843 678 905 726 ad
921 680 1271 728 occurrendum
1291 691 1363 728 tot
1382 682 1517 730 malis
1535 692 1582 730 et
1596 683 1834 748 periculis,

419 766 466 804 et
492 757 554 804 ad
574 758 738 805 omnia
761 758 973 806 tollenda
996 759 1220 807 scandala
1241 777 1345 824 quae
1372 760 1551 808 malitia
1581 761 1724 809 etiam
1753 761 1838 809 ali·

420 851 626 899 quorum
659 835 718 882 de
742 835 883 900 plebe
919 845 1106 898 nostra,
1152 837 1262 884 licet
1302 854 1505 885 numero
1544 854 1834 903 paucorum,

419 911 704 958 devotorum
746 913 1125 977 comparatione,
1163 913 1416 961 adversum
1449 932 1538 962 nos
1582 915 1835 978 excitarat,

420 989 571 1052 regias
592 1005 729 1036 aures
761 990 856 1036 suis
884 989 1008 1037 falsis
1029 1000 1077 1037 et
1101 990 1407 1039 calumniosis
1428 991 1840 1040 criminationibus

419 1066 691 1132 implendo,
737 1067 1063 1114 consensimus
1095 1067 1145 1114 id
1182 1068 1315 1132 quod
1342 1067 1677 1132 desiderabant
1699 1068 1839 1134 perfi-

420 1161 526 1191 cere
542 1182 555 1206 ,
580 1145 690 1192 licet
714 1153 884 1191 nostrae
916 1145 1196 1193 calamitatis
1228 1146 1355 1193 hanc
1389 1157 1566 1194 sortem
1597 1163 1653 1194 ac
1685 1147 1840 1196 vicem

419 1223 680 1287 plurimum
714 1222 954 1283 dolenteS‚
985 1223 1117 1287 quod
1156 1240 1256 1271 non
1290 1225 1475 1272 licuerit
1510 1224 1653 1273 nobis
1677 1225 1736 1273 ad
1767 1243 1841 1274 ec-

420 1300 570 1347 clesiae
624 1301 1013 1366 procurationem
1062 1301 1428 1366 doctrinamque
1472 1301 1624 1351 fidelis
1674 1304 1840 1369 populi

420 1387 638 1440 nostrum
663 1380 765 1425 Deo
807 1378 984 1425 diutius
1023 1378 1248 1427 exhibere
1286 1379 1595 1438 famulatum„
1630 1381 1749 1430 Nam
1779 1380 1840 1429 de

406 1455 672 1519 temporali
714 1454 901 1502 honore
939 1456 1015 1502 vel
1053 1455 1226 1521 opibus
1274 1457 1497 1514 terrenis,
1546 1457 1721 1521 quibus
1763 1474 1842 1506 ee-

421 1532 562 1579 clesia
581 1532 691 1579 satis
712 1531 938 1580 nobiliter
961 1533 1124 1581 dotata
1146 1543 1231 1595 est,
1260 1533 1392 1597 quod
1413 1535 1480 1582 eis
1504 1550 1664 1583 carere
1679 1533 1841 1594 vhabe-

421 1624 609 1671 remus,
643 1609 840 1656 minime
873 1619 1091 1657 nostrum
1120 1610 1345 1673 tangebat
1366 1611 1575 1674 tangitve
1597 1602 1835 1659 affectum.

486 1687 637 1751 Hujus
665 1696 825 1734 autem
851 1687 919 1734 rei
956 1677 1257 1752 perficiendae
1278 1689 1454 1752 gratia,
1490 1688 1552 1736 ad
1579 1689 1842 1754 petendum

421 1775 563 1830 atque
577 1765 943 1830 supplicandum
962 1782 991 1813 a
1008 1767 1302 1814 sanctissimo
1318 1776 1450 1831 patre
1465 1766 1664 1814 domino
1677 1776 1840 1814 nostro

421 1859 548 1908 papa
571 1843 719 1903 Sixto,
745 1860 935 1904 summo
954 1843 1200 1908 pontifice,
1220 1844 1407 1891 admitti
1430 1844 1494 1891 ob
1513 1844 1663 1893 dictas
1679 1861 1842 1894 causas

423 1920 686 1967 cessionem
706 1931 936 1983 nostram,
963 1938 1147 1985 nosque
1170 1937 1316 1969 onere
1345 1923 1585 1986 regiminis
1602 1923 1808 1970 ecclesiae
1824 1960 1837 1985 ,

422 1998 499 2045 cui
540 1998 736 2045 minime
768 1998 1045 2046 incumbere
1081 1998 1371 2060 sinebamur,
1418 2000 1622 2061 absolvi,
1671 2000 1841 2047 urbem

424 2077 623 2122 Romam
658 2076 969 2141 personaliter
1002 2077 1284 2125 accessimus
1292 2113 1306 2136 ,
1348 2088 1566 2125 currente
1598 2094 1728 2126 anno
1757 2078 1841 2126 do-

423 2154 608 2200 minicae
629 2154 970 2202 incarnationis
985 2171 1298 2202 MCCCCLXXW.
1324 2156 1435 2214 Qui,
1463 2156 1571 2203 licet
1590 2155 1760 2203 auditis
1782 2172 1839 2202 ex

422 2239 555 2292 parte
590 2229 665 2276 his
712 2246 816 2294 quae
853 2247 996 2295 supra
1035 2231 1343 2293 retexuimus,
1383 2232 1537 2279 vicem
1572 2232 1697 2279 hanc
1721 2222 1841 2279 ¹nos-

423 2313 546 2352 tram
571 2316 618 2353 et
639 2308 844 2354 ecclesiae
863 2317 1034 2354 nostrae
1061 2308 1321 2372 plurimum
1340 2309 1543 2371 doleret,
1566 2309 1777 2372 similiter
1794 2318 1841 2355 et

424 2383 803 2430 reverendissimi
839 2384 1025 2434 domini
1061 2385 1350 2448 cardinales,
1393 2386 1675 2448 offerretque
1711 2385 1839 2432 idem

423 2456 720 2507 beatissimus
739 2462 953 2526 pontifex
970 2499 982 2523 ,
1007 2463 1046 2508 si
1064 2464 1246 2510 curiam
1264 2480 1398 2511 suam
1428 2465 1560 2528 sequi
1585 2463 1835 2524 vellemus,

425 2535 566 2583 nobis
593 2538 918 2602 provisionem
938 2538 1192 2586 honestam
1221 2541 1485 2604 assignare,
1516 2550 1674 2588 tamen
1699 2539 1840 2587 nobis

424 2613 474 2660 in
497 2614 842 2679 supplicatione
859 2624 1030 2667 „nostra
1056 2617 1492 2680 perseverantibUS,
1518 2617 1675 2666 eidem
1703 2617 1839 2665 beni·
1863 2656 1865 2658 ,

425 2705 516 2752 gne
534 2690 702 2738 annuit
717 2699 764 2737 et
786 2691 1059 2739 clementer.
1083 2695 1300 2759 Cumque
1321 2694 1840 2766 patriarchatus-hono-

423 2781 525 2814 rem
546 2783 602 2815 ac
623 2767 812 2816 titulum
831 2767 972 2816 nobis
990 2769 1104 2818 dare
1126 2771 1280 2835 vellet,
1298 2772 1580 2838 offerretque
1600 2772 1662 2821 ad
1679 2780 1849 2837 regem
