2060 3392
721 271 865 308 unm
894 247 1099 309 samis.
1573 275 1622 311 aa

205 367 467 424 agembet,
490 359 760 408 devotionis
781 375 838 407 ac
864 361 1137 408 reverentiae
1163 360 1226 408 ad
1249 360 1475 408 eumdem
1496 362 1622 425 lega-

205 446 311 486 tum
345 438 494 501 gratia
509 474 523 498 ,
564 437 679 485 dicti
723 436 785 485 de
826 437 1020 486 Medicis
1055 454 1168 486 cum
1203 434 1457 487 innumera
1490 456 1623 504 paene

206 513 564 563 honorabilium
583 514 760 562 civium
782 513 988 562 aliorum
1005 514 1310 563 multitudine
1327 515 1390 563 ad
1407 515 1625 580 hujusce-

208 591 342 640 modi
363 592 597 658 templum
631 591 990 655 adventassent,
1026 592 1185 641 subito
1221 593 1271 640 in
1304 609 1388 641 eos
1403 630 1417 655 ,
1453 594 1536 658 qui
1564 594 1625 643 de

189 671 363 719 =Passis
382 680 433 719 et
462 686 632 718 eorum
658 669 989 733 conjuratione
1023 671 1119 718 illic
1141 687 1199 719 ex
1220 671 1490 736 composito
1512 672 1624 719 ade·

206 757 317 796 rant
333 781 348 804 ,
390 746 612 795 districtis
652 747 797 795 armis
840 747 1122 812 gladiisque,
1170 757 1312 812 atque
1348 748 1626 797 satellitibus

145 864 148 867 Α
208 825 363 891 stipati
377 861 391 885 ,
414 825 671 887 irruerunt,
701 836 748 873 et
766 825 1011 873 Julianum
1037 825 1231 890 quidem
1257 826 1381 874 intra
1407 827 1625 874 eamdem

207 900 452 950 basilicam
495 902 827 964 trucidarunt3
873 904 1181 951 Laurentium
1225 920 1341 951 vero
1359 940 1373 964 ,
1415 904 1627 968 ejusdem

210 984 490 1044 germanum
508 1017 523 1042 ,
563 981 741 1047 pariter
772 981 916 1029 etiam
945 990 1186 1029 tentarunt
1216 981 1449 1029 occidere.
1498 983 1623 1045 Qui,

209 1073 301 1123 pro
336 1059 550 1122 germani
578 1059 652 1107 sui
676 1069 775 1107 tam
795 1059 1039 1107 horrenda
1073 1069 1121 1107 et
1152 1059 1376 1122 sacrilega
1403 1076 1622 1126 peremp-

210 1135 341 1184 tione
355 1173 369 1198 ‚
403 1137 583 1200 ingenti
627 1146 793 1184 exorto
826 1137 1035 1184 clamore
1081 1146 1128 1184 et
1174 1137 1383 1184 tumultu
1417 1138 1595 1185 excitus
1611 1175 1624 1198 ,

211 1214 380 1261 mortis
399 1214 666 1279 periculum
693 1214 938 1262 declinans
964 1224 1012 1262 et
1037 1213 1099 1262 ad
1126 1215 1385 1262 sacristiam
1416 1215 1630 1263 celeriter

212 1306 488 1353 accurrens,
527 1293 578 1339 in
610 1309 717 1340 eam
749 1309 799 1340 se
828 1294 1005 1358 recepit
1020 1330 1034 1353 ‚
1077 1302 1126 1340 et
1141 1330 1154 1354 ,
1192 1291 1422 1340 obseratis
1449 1292 1630 1342 foribus

211 1367 424 1432 ejusdem
443 1407 457 1430 ,
496 1369 591 1417 illic
627 1369 897 1435 praesidium
937 1369 1226 1418 defensionis
1260 1370 1443 1417 invenit
1462 1373 1498 1431 ¹,
1538 1371 1629 1418 levi

210 1453 374 1494 tamen
403 1447 621 1512 perprius
648 1457 847 1513 accepto
879 1447 1076 1494 vulnere
1102 1463 1132 1495 a
1164 1446 1399 1511 sacrilegis
1422 1447 1600 1496 sicariis
1615 1486 1627 1507 ,

212 1523 296 1587 qui
315 1523 412 1571 illic
431 1540 532 1572 sese
552 1524 770 1572 occulere
788 1523 1072 1589 potuissent.

278 1602 401 1649 Cum
431 1610 591 1649 autem
631 1601 774 1666 hujus
809 1611 908 1649 tam
936 1600 1130 1648 nefandi
1161 1610 1210 1648 et
1230 1601 1416 1652 cunctis
1445 1601 1631 1650 abomi-

213 1677 362 1726 nandi
385 1680 573 1727 sceleris
597 1678 723 1726 fama
751 1678 879 1726 illico
899 1687 1050 1726 totam
1073 1678 1337 1743 implesset'
1365 1679 1628 1742 civitatem,

213 1771 473 1805 concursus
492 1757 707 1821 undique
724 1757 900 1805 civium
921 1767 1216 1805 armatorum
1231 1756 1380 1804 sactus
1401 1766 1488 1804 est.
1511 1758 1629 1820 Qui,
1712 1768 1713 1771 ’

215 1850 543 1900 quoscumque
576 1836 833 1901 complices
875 1836 1000 1883 illius
1033 1836 1251 1884 nefandae
1290 1836 1635 1900 conjurationis

216 1909 386 1960 obvios
410 1913 588 1961 habere
603 1923 886 1979 potuerunt,
912 1913 987 1961 vel
1008 1912 1331 1975 trucidarunt,
1358 1914 1436 1962 vel
1456 1915 1633 1962 carceri

215 1997 264 2036 et
289 1990 515 2038 custodiae
537 1991 954 2056 manciparunt....
968 1992 983 2015 ⁸
1007 1990 1167 2054 fugam
1201 1992 1502 2057 arripientes,
1528 1992 1634 2056 qui-

216 2064 309 2114 bus
327 2067 390 2115 ad
432 2068 526 2116 tale
557 2068 829 2134 praesidium
857 2069 989 2117 licuit
1005 2070 1276 2135 pervenire,
1315 2079 1370 2116 ut
1408 2079 1457 2118 et
1475 2086 1634 2135 perse·

218 2147 469 2210 quentium
496 2163 590 2195 eos
625 2146 849 2196 manibus
875 2146 1196 2209 elaberentur,
1234 2148 1433 2196 minime
1470 2147 1636 2213 depre-

216 2220 435 2272 hensiu„

272 2399 311 2436 ¹.
342 2399 429 2437 Une
452 2397 677 2451 inscription
704 2399 845 2451 gravee
873 2407 1008 2437 contre
1036 2397 1073 2436 la
1101 2405 1214 2449 porte
1239 2397 1290 2436 de
1312 2397 1351 2437 la
1378 2397 1548 2438 sacristie
1569 2397 1636 2448 qui

221 2466 278 2496 est
299 2459 323 2496 a
339 2458 483 2506 droite‚
503 2473 592 2498 sous
611 2461 648 2499 la
666 2461 829 2513 coupole
847 2460 895 2499 de
918 2458 1190 2500 Sainte-Marie
1211 2458 1275 2498 del
1299 2459 1429 2509 Fini-e,
1451 2460 1636 2511 perpetue

221 2520 258 2559 la
275 2522 460 2562 memoire
477 2523 526 2562 de
544 2532 606 2562 cet
625 2524 867 2563 &venemenn

274 2585 314 2623 2.
344 2589 544 2637 Impresset
560 2586 656 2626 dans
674 2587 711 2626 le
728 2601 800 2626 ms.

276 2650 314 2689 3.
343 2651 430 2689 Une
451 2650 712 2690 drconstance
737 2651 969 2702 importante
993 2649 1047 2688 du
1074 2650 1169 2688 tecit
1195 2662 1219 2688 ει
1245 2649 1306 2687 ete
1334 2648 1454 2686 omise
1482 2647 1576 2684 dans
1601 2647 1636 2684 la

223 2713 490 2765 transcription
508 2713 560 2751 du
579 2727 670 2761 ms„
690 2722 727 2752 et
745 2713 842 2752 rend
860 2713 1118 2764 insignifiante
1139 2712 1175 2750 la
1192 2711 1332 2763 phrase
1349 2710 1522 2748 suivante
1536 2738 1546 2756 ‚
1569 2710 1636 2760 qui

216 2783 280 2828 'est
298 2775 490 2813 d’ailleurs
507 2776 725 2814 elle-meme
749 2775 992 2827 incomplete.
