2060 3392
479 267 529 304 60
844 267 1183 304 HISTORJARUM
1211 262 1447 305 LUDovlcl
1474 268 1531 305 xl

478 355 565 402 suit
579 392 592 415 ,
613 365 660 402 et
678 370 798 402 saeva
817 369 960 418 supra
981 354 1189 401 solitum.
1223 355 1343 403 Visae
1369 366 1479 403 sunt
1509 357 1684 422 pluries
1713 357 1893 408 hiemes

476 433 615 480 fuisse
646 431 797 479 multo
833 432 1071 494 longiores
1098 443 1146 480 et
1171 432 1278 497 plus
1309 434 1512 496 nivosae;
1540 435 1622 483 sed
1649 452 1680 484 a
1701 439 1891 507 nemine

474 519 588 556 tunc
624 509 882 556 viventium
921 508 1130 571 aliquam
1163 525 1275 557 cum
1319 519 1451 558 tanto
1493 511 1601 574 gelu
1641 515 1890 579 asperitate

474 596 616 649 atque
638 585 810 632 saevitia
834 585 979 631 visam
1001 585 1260 649 aliquando
1282 586 1422 635 fuisse
1438 625 1451 649 ‚
1476 587 1626 652 vulgo·
1648 605 1677 636 a
1707 592 1890 639 cunctis

473 662 724 710 ferebatur.
766 662 922 708 Prima
954 661 1080 710 illius
1106 679 1245 728 pars,
1271 659 1521 730 paululum
1554 666 1714 715 minus
1741 685 1882 730 saeva,

472 740 734 786 natalitium
756 739 1010 787 Salvatoris
1030 742 1264 805 praecessit
1285 742 1414 790 diem
1432 763 1446 804 3
1469 744 1677 792 secunda
1697 760 1828 803 vero,
1857 762 1886 794 a

470 817 627 864 medio
642 817 846 879 januarii
860 834 1010 881 usque
1026 834 1178 883 prope
1195 819 1408 867 medium
1426 820 1671 869 februarii¹
1687 822 1882 881 durans,

468 895 727 942 recidivum
757 894 864 956 gelu
884 904 1026 958 atque
1051 895 1357 959 rigidissimos
1374 898 1558 961 algores
1578 909 1625 946 et
1645 899 1886 965 prioribus

467 972 617 1019 multo
639 972 855 1019 saeviores
876 974 1149 1037 reportavit.
1182 976 1401 1032 Quorum
1425 976 1730 1024 mortificatio
1762 978 1885 1026 adeo

465 1058 638 1097 terram
661 1048 847 1111 afflixit,
887 1060 940 1096 ut
960 1051 1102 1098 etiam
1141 1068 1364 1117 proceres
1398 1053 1594 1101 arbores
1623 1063 1670 1101 et
1697 1071 1886 1105 annosa

465 1126 638 1174 robora
651 1163 663 1187 ,
698 1126 873 1192 quibus
903 1129 1163 1176 anteriores
1185 1129 1366 1178 hiemes
1403 1131 1600 1179 minime
1631 1132 1885 1197 praevalere

463 1214 741 1269 potuerant,
765 1204 995 1271 plurimas
1017 1206 1341 1254 exstinxerunt
1358 1217 1407 1255 et
1428 1208 1584 1256 aridas
1603 1208 1879 1258 effecerunt.

462 1283 783 1345 Congelarunt
821 1284 963 1330 etiam
1000 1281 1249 1331 vinearum
1281 1284 1499 1350 palmites
1516 1324 1530 1348 ‚
1562 1296 1610 1334 et
1634 1287 1883 1352 plerasque

461 1360 685 1407 radicitus
701 1377 910 1408 arescere
935 1361 1149 1408 fecerunt
1170 1362 1220 1408 in
1244 1362 1405 1409 multis
1425 1357 1688 1411 Galliarum
1708 1373 1757 1412 et
1770 1366 1884 1412 Ger·

460 1438 627 1486 maniae
657 1438 939 1503 provinciis;
982 1437 1048 1485 ob
1079 1454 1226 1503 quam
1252 1456 1444 1488 causam
1461 1478 1475 1502 ‚
1507 1458 1594 1507 per
1630 1440 1880 1491 biennium

459 1525 568 1580 post
581 1552 594 1575 ‚
620 1517 785 1563 raritas
806 1525 854 1563 et
875 1516 1063 1564 caristia
1086 1516 1309 1563 vinorum
1338 1533 1483 1582 supra
1503 1517 1881 1571 solitumconse-

457 1602 576 1639 cutae
597 1603 708 1640 sunt
724 1595 753 1638 ².

519 1672 637 1718 Tota
680 1680 840 1718 autem
876 1670 956 1717 illa
1000 1670 1156 1718 hieme
1202 1671 1509 1734 decurrente,
1544 1672 1664 1721 nihil
1703 1674 1879 1738 scriptu

456 1748 655 1810 dignum
685 1748 808 1794 inter
838 1764 998 1811 regem
1022 1758 1069 1795 et
1099 1748 1429 1796 Flandriarum
1453 1759 1602 1798 terras
1634 1751 1881 1799 actitatum

454 1834 538 1872 est.
567 1826 704 1874 Circa
721 1842 837 1873 vero
862 1835 1048 1890 tempus
1075 1827 1291 1885 vernale,
1321 1837 1487 1890 treuga
1510 1827 1729 1875 annualis
1758 1829 1882 1876 inter

454 1912 612 1966 partes
643 1913 782 1968 pacta
820 1913 869 1952 et
900 1911 1098 1955 tractata
1113 1941 1126 1965 ,
1164 1920 1194 1952 a
1230 1902 1446 1952 kalendis
1482 1906 1597 1954 maii
1628 1919 1778 1971 usque
1819 1907 1897 1956 ad¹

455 1979 671 2027 ultimam
693 1980 823 2028 diem
845 1980 1028 2045 aprilis,
1056 1981 1250 2028 evoluto
1275 1997 1431 2043 anno,
1458 1981 1687 2030 duratura
1707 2001 1719 2029 ε
1749 1983 1880 2032 nulla

454 2065 613 2104 tamen
633 2059 1032 2105 commerciorum
1055 2057 1273 2117 libertate
1297 2059 1412 2106 hinc
1434 2059 1548 2108 inde
1566 2061 1873 2123 commissa⁸3

453 2134 536 2182 sed
579 2134 641 2183 ab
684 2151 929 2183 armorum
968 2135 1302 2184 tantummodo
1347 2138 1569 2185 exercitio
1605 2137 1876 2187 abstentum

507 2328 543 2364 1.
578 2329 697 2366 1480,

504 2391 542 2427 2.
574 2391 782 2441 Comparer
799 2391 834 2429 la
854 2391 1086 2444 description
1111 2393 1163 2431 du
1191 2394 1316 2431 meme
1343 2393 1454 2432 hiver
1476 2407 1546 2445 par
1569 2393 1743 2441 Molinet‚
1763 2402 1792 2433 t.
1814 2397 1871 2444 11,

449 2451 511 2489 ch.
534 2466 649 2492 Lxxx.

505 2516 541 2552 3.
574 2514 702 2552 Plutot
738 2529 921 2554 concessa.
967 2516 1126 2556 D’autre
1164 2526 1251 2570 part
1286 2518 1450 2557 l’auteur
1485 2517 1656 2556 confond
1692 2518 1730 2557 la
1766 2519 1874 2558 treve

450 2576 497 2614 de
518 2579 624 2616 1480
641 2590 736 2616 avec
759 2579 854 2617 celle
881 2579 928 2617 de
955 2580 1106 2619 l’annee
1129 2581 1318 2620 suivante.
1341 2584 1396 2620 La
1417 2582 1524 2620 treve
1543 2581 1591 2619 de
1611 2582 1716 2621 1480
1730 2581 1872 2629 ‚selon

450 2639 486 2676 la
504 2639 723 2691 chronique
741 2642 1011 2690 scandaleuse‚
1033 2644 1091 2682 fut
1109 2644 1238 2695 signee
1254 2657 1306 2683 au
1323 2644 1419 2683 mois
1447 2643 1580 2682 d’aofit
1612 2661 1630 2678 «ι
1658 2657 1758 2695 pour
1788 2652 1872 2696 sept

451 2701 568 2748 mois,
593 2702 689 2740 dont
715 2703 769 2741 les
797 2704 888 2742 trois
916 2705 1099 2757 premiers
1119 2706 1299 2745 devoient
1323 2708 1403 2744 etre
1431 2706 1676 2753 marchands,
1704 2705 1760 2744 les
1779 2706 1870 2744 trois

449 2772 575 2801 autres
600 2764 860 2804 d'abstinence
883 2767 930 2805 de
950 2781 1107 2819 guerre,
1129 2777 1166 2806 et
1185 2769 1220 2806 le
1237 2768 1439 2820 septiesme
1457 2769 1505 2807 de
1522 2769 1776 2820 represailles.
1795 2785 1812 2800 r·
1890 2787 1892 2789 ·
