2060 3392
648 265 793 302 LIBER
819 263 976 302 suxw
981 262 1018 300 S.
1466 263 1482 299 1
1492 264 1535 300 21

128 352 771 419 raepuebanuueomarium
800 352 849 398 in
870 350 1016 414 vulgo
1050 350 1184 397 omni
1218 348 1297 396 die
1325 348 1541 396 dissemi-

129 429 483 495 nantes,*quod
498 429 637 478 novis
657 428 872 493 quotidie
898 426 1157 494 pascebant
1185 436 1231 474 et
1252 426 1543 475 deludebant

130 507 391 556 mendaciis
410 518 459 569 et
478 507 714 572 figmentis
729 544 743 568 ,
769 516 823 554 ut
842 507 999 572 ipsum
1012 542 1025 565 ,
1051 499 1380 553 miserabiliter
1400 504 1544 552 afflic-

129 595 236 634 tum
261 595 311 635 et
341 585 648 649 defatigatum
661 621 674 645 ,
698 584 871 632 talibus
892 583 955 631 ab
988 583 1191 631 inventis
1213 592 1472 646 utcumque
1493 583 1542 628 in

129 678 264 729 qlem
284 663 518 727 erigerent
537 673 586 711 et
610 679 640 711 a
662 662 923 710 rebellione
940 678 997 709 ac
1022 677 1268 708 murmure
1291 659 1543 707 adversum

128 755 180 788 se
199 739 495 789 cohiberent.
522 740 733 788 Tandem
754 750 914 788 tamen
927 775 939 798 ,
974 749 1083 804 post
1114 739 1297 803 aliquot
1327 754 1545 786 emensos

129 833 341 879 menses,
373 835 484 867 cum
518 818 704 883 liquido
739 827 1039 882 compertum
1075 816 1330 864 haberetur
1362 832 1546 863 merca·

87 928 106 962 τ’
125 900 258 957 ms
285 895 413 943 ultro
435 896 650 959 citroque
678 912 764 943 sua
796 894 946 942 libere
976 911 1195 941 exercere
1224 893 1513 940 commercia
1528 928 1540 950 ,

109 963 192 1020 *de
222 971 548 1038 publicatione
582 973 726 1020 etiam
765 972 912 1037 ipsius
946 971 1075 1036 pacis
1088 1007 1100 1029 ,
1126 970 1400 1018 solemniter
1434 985 1546 1016 cum

128 1049 311 1113 ingemi
347 1050 505 1098 laetitia
536 1067 622 1115 per
656 1051 820 1098 omnia
848 1050 1056 1113 insignia
1100 1048 1280 1114 oppida
1310 1057 1546 1095 terrarum

52 1125 54 1129 ’
129 1125 265 1175 ducis
312 1125 471 1196 [facta]
488 1164 501 1187 ,
537 1128 698 1193 palam
736 1127 962 1175 omnibus
1001 1129 1339 1185 innotesceret,
1378 1142 1546 1191 pacem

130 1203 199 1251 sic
238 1203 437 1264 factam,
481 1205 616 1253 inviti
656 1205 767 1252 licet
811 1215 860 1253 et
907 1205 1169 1270 plurimum
1211 1203 1543 1260 abhorrenteS,

129 1281 325 1330 credere
344 1283 579 1348 compulsi
600 1293 726 1331 sunt.

195 1358 446 1408 lactabant
465 1377 580 1408 vero
602 1377 709 1409 eam
733 1361 818 1408 diu
838 1377 939 1409 non
963 1361 1064 1408 fore
1085 1359 1361 1407 duraturam
1384 1357 1546 1422 (quod

129 1439 260 1484 Deus
277 1437 535 1503 clementer
555 1447 736 1486 avertat
757 1437 804 1501 !)
826 1449 874 1485 et
894 1439 945 1485 in
959 1436 1289 1502 hujuscemodi
1312 1435 1432 1482 fictis
1453 1452 1548 1482 ser-

129 1515 378 1576 monibus,
404 1531 527 1580 quos
562 1516 749 1564 assidue
767 1516 818 1562 in
850 1516 993 1581 vulgo
1027 1514 1403 1563 disseminabant
1420 1550 1432 1573 ,
1458 1531 1547 1579 po-

129 1602 296 1645 nentes
310 1609 446 1659 spem
463 1609 600 1642 suam
621 1593 924 1642 mendacium
937 1630 950 1654 ,
970 1610 1069 1642 sese
1088 1603 1137 1641 et
1154 1594 1222 1641 eis
1236 1593 1544 1651 adhaerentes,

130 1671 200 1720 uti
231 1682 474 1738 poterant,
505 1671 801 1720 solabantur.
827 1674 950 1721 Sane
980 1673 1020 1719 si
1041 1687 1177 1726 mens
1200 1672 1268 1718 eis
1297 1687 1399 1718 non
1426 1687 1549 1719 caeca

96 1749 101 1751 ’
130 1757 274 1814 atque
302 1749 471 1798 insana
502 1748 690 1810 fuisset,
723 1750 835 1799 satis
857 1749 1030 1796 moniti
1052 1765 1154 1797 esse
1189 1747 1456 1796 debuerant
1487 1747 1549 1794 de

131 1825 216 1874 illo
230 1861 246 1887 ,
268 1826 403 1892 quod
422 1827 637 1892 quotidie
661 1827 721 1876 de
743 1844 877 1875 sacro
900 1827 1086 1892 psalmo
1105 1843 1191 1891 per
1213 1842 1381 1873 omnes
1401 1824 1549 1873 eccle·

131 1903 225 1951 sias
244 1905 430 1952 canitur
454 1922 468 1951 ε
501 1924 524 1948 α
537 1905 691 1952 Nolite
714 1904 958 1952 confidere
990 1905 1041 1951 in
1075 1903 1371 1969 principibus
1392 1919 1550 1968 neque

131 1981 182 2028 in
205 1980 314 2029 filiis
334 1981 607 2042 hominum,
633 1983 683 2029 in
703 1982 878 2047 quibus
900 1998 1003 2029 non
1019 1991 1090 2029 est
1110 1981 1251 2029 salus.
1271 2000 1295 2025 »
1309 1981 1448 2029 Unde
1465 1998 1551 2046 per

131 2059 384 2107 Jeremiam
410 2060 694 2125 perpulchre
721 2063 848 2107 Deus
879 2058 1004 2125 [nos]
1036 2058 1265 2106 admonet
1290 2059 1511 2122 inquiens
1533 2077 1544 2106 z

134 2155 158 2182 α
182 2137 458 2186 Maledictus
494 2139 583 2202 qui
623 2137 823 2186 confidit
858 2139 910 2185 in
952 2138 1180 2199 homine,
1212 2148 1260 2186 et
1291 2138 1376 2203 qui
1412 2139 1550 2203 ponit

130 2231 326 2264 oernem
361 2215 614 2264 brachium
650 2233 812 2276 suum,
847 2226 896 2263 et
938 2216 1128 2263 recessit
1159 2232 1189 2263 a
1222 2216 1433 2263 Domino
1464 2232 1550 2262 cor

131 2292 249 2356 ejus.
275 2312 300 2337 n
337 2294 431 2342 Sed
464 2304 778 2342 excaecaverat
805 2310 887 2341 eos
912 2292 1126 2359 profecto
1149 2293 1329 2340 malitia
1349 2309 1514 2341 eorum
1532 2330 1544 2352 ,

131 2369 300 2435 hisque
337 2372 471 2419 vanis
503 2371 805 2419 illusionibus
844 2381 891 2419 et
929 2371 1190 2418 mendaciis
1223 2380 1440 2418 auctores
1473 2387 1546 2418 re-

132 2445 354 2497 bellionis
384 2460 526 2514 atque
547 2467 715 2497 eorum
750 2459 1053 2498 assectatores
1092 2450 1263 2497 merito
1281 2486 1293 2508 ,
1329 2466 1417 2515 pro
1455 2450 1550 2496 suis

133 2524 477 2589 impietatibus,
518 2527 673 2592 decipi
708 2526 1029 2574 merebantur.
1059 2528 1179 2574 Satis
1210 2528 1353 2575 etiam
1390 2527 1549 2573 multis

134 2601 185 2648 in
221 2602 408 2651 casibus
432 2641 444 2664 ,
485 2615 533 2652 et
569 2604 763 2668 quidem
808 2605 948 2668 longe
997 2604 1294 2667 gravioribus
1314 2640 1326 2663 ,
1372 2604 1547 2666 regiam

136 2677 309 2739 fidem,
349 2682 387 2727 si
425 2682 542 2746 quid
586 2692 800 2747 saperent
823 2718 834 2739 ,
876 2692 1169 2747 compertam
1208 2691 1426 2747 poterant
1462 2681 1546 2727 ha-

134 2754 309 2803 buisse.
