2060 3392
678 261 826 298 unm
851 261 1054 300 SEXTUS.
1504 266 1520 301 1
1532 265 1580 300 17

235 351 414 398 Verum
426 365 539 397 cum
555 363 613 397 ea
631 364 758 396 nova
774 348 988 413 tyrannis
1003 348 1268 413 insignibus
1285 350 1377 398 illis
1393 350 1582 416 oppidis

165 436 214 475 et
237 426 412 476 accolis
430 425 703 493 VBrabantiae
736 435 783 472 et
805 426 1057 473 comitatus
1090 428 1421 475 Namurcensis
1446 428 1584 475 inno-

164 505 344 570 tuisset,
358 504 671 568 intelligentes
686 503 845 551 statim
866 503 995 551 exitii
1016 504 1178 569 patriae
1196 521 1290 552 suae
1305 504 1583 570 impendere

165 581 451 642 discrimem
491 582 582 630 nisi
616 582 835 647 protinus
850 617 862 641 ,
905 582 1038 647 quod
1077 583 1257 632 eisdem
1302 583 1585 631 imminebat

162 659 440 715 incendium
455 695 468 718 ,
518 668 775 724 antequam
811 660 1015 723 majores
1052 671 1259 709 sumeret
1309 663 1433 710 vires
1457 698 1470 722 ,
1508 663 1584 710 vel

162 737 422 804 praevenire
457 737 532 786 vel
562 737 797 786 suffocare
827 748 1073 798 curarent,
1105 740 1264 787 statim
1292 755 1405 788 cum
1427 739 1586 788 valida

162 831 311 866 manu
334 816 385 864 in
403 833 543 881 agros
576 815 861 866 Leodienses
882 816 1101 864 exierunt
1115 852 1129 876 ,
1154 827 1202 865 et
1230 817 1279 864 in
1311 818 1477 883 primis
1500 833 1586 883 op-

161 892 332 959 pidum
368 894 428 942 de
471 894 686 953 Hasselt‚
726 893 1084 958 Brabantigenis
1116 905 1164 942 et
1200 895 1444 960 potissime
1474 899 1586 944 Bur-

163 970 486 1035 gundionibus
515 971 654 1020 valde
688 971 911 1019 infestum
930 1007 944 1031 ,
978 971 1062 1019 ubi
1085 988 1114 1020 a
1135 982 1340 1037 tyranno
1361 973 1462 1037 jam
1483 974 1584 1021 col-

162 1047 318 1097 locata
348 1049 565 1115 pmidia
579 1053 591 1075 ¹
619 1048 908 1108 ferebantur,
945 1049 1099 1097 adorti
1120 1086 1133 1109 ‚
1169 1050 1326 1115 ipsum
1359 1050 1586 1099 violentia

162 1138 484 1194 expugnatum
510 1129 805 1193 irrumpunt,
832 1138 880 1175 et
900 1128 1028 1176 caesis
1053 1144 1110 1176 ex
1136 1137 1270 1193 parte
1295 1144 1470 1192 magna
1491 1128 1585 1176 loci

162 1205 347 1254 civibus
363 1216 412 1254 et
431 1206 608 1255 accolis
623 1207 650 1265 ‚‘
666 1205 937 1264 bonorum,
963 1222 1067 1269 quae
1090 1206 1186 1253 illic
1209 1206 1351 1253 etiam
1381 1206 1585 1253 inveniri

163 1283 495 1347 exportarique
533 1292 792 1348 potuerunt
811 1318 824 1340 ,
875 1281 997 1329 facta
1034 1281 1301 1347 direptione
1317 1318 1330 1341 ‚
1380 1282 1586 1330 flammis

162 1358 418 1408 voracibus
441 1350 497 1406 in'
518 1359 700 1408 favillas
727 1369 774 1406 et
796 1359 979 1406 cineres
999 1360 1298 1407 tradiderunt
1318 1370 1459 1423 atque
1482 1360 1585 1407 reli-

163 1447 370 1502 querunt
381 1439 410 1484 ³.

226 1515 396 1562 Statim
415 1515 558 1563 etiam
576 1514 811 1580 oppidum
825 1513 1240 1562 Sancti-Trudonis
1253 1515 1268 1538 ³
1289 1513 1583 1562 deditionem

162 1601 210 1640 et
230 1593 369 1658 plura
385 1593 478 1641 alia
498 1592 677 1658 oppida
700 1591 940 1654 fecerunt3
970 1609 1074 1657 quae
1104 1592 1223 1639 tristi
1255 1593 1475 1657 exemplo
1508 1610 1584 1640 ex-

161 1669 276 1718 cidii
293 1670 355 1718 de
379 1670 570 1718 Hasselt
601 1670 824 1718 deterrita
850 1680 899 1718 et
930 1669 1174 1717 collocatis
1196 1669 1245 1716 in
1269 1670 1337 1717 eis
1358 1670 1584 1734 praesidiis

162 1747 361 1794 minime
389 1764 503 1796 ausa
526 1757 636 1795 sunt
659 1746 920 1794 confidere.
943 1745 1190 1811 Oppidum
1208 1746 1354 1793 etiam
1378 1745 1579 1806 Bilsen⁴,

162 1821 249 1870 ubi
282 1834 383 1872 erat
397 1859 410 1883 ,
444 1826 499 1870 ut
526 1822 781 1882 ferebatur,
822 1822 1095 1888 praesidium
1120 1821 1308 1869 circiter
1342 1832 1585 1870 sexcento-

162 1916 271 1947 rum
294 1901 582 1948 Clivensium
597 1936 609 1959 ‚
646 1916 768 1964 quos
802 1901 852 1947 in
886 1899 1114 1947 auxilium
1144 1899 1336 1963 tyranni
1371 1900 1583 1963 sacrilegi

163 1977 260 2026 dux
297 1978 527 2026 Clivensis
558 1977 841 2037 destinarat,
879 1978 927 2024 vi
969 1986 1291 2042 expugnatum
1305 2012 1318 2036 ,
1356 1977 1582 2024 incendio

162 2055 328 2105 datum
352 2066 423 2103 est
438 2092 450 2115 ‚
475 2056 605 2103 caesis
632 2072 659 2104 e
683 2054 980 2103 Clivensibus
1003 2064 1052 2101 et
1080 2054 1183 2102 aliis
1207 2054 1291 2118 qui
1319 2054 1370 2101 in
1393 2070 1452 2101 eo
1472 2055 1582 2102 loco

161 2133 342 2182 inventi
369 2135 593 2181 sunt-⁸....
621 2132 916 2198 Oppidulum
938 2147 1054 2179 vero
1078 2131 1331 2195 Maeseyelr
1344 2133 1359 2156 ³
1376 2131 1427 2178 in
1452 2131 1583 2180 dedi-

162 2211 344 2260 tionem
362 2221 471 2276 post
492 2211 589 2258 hoc
614 2212 772 2258 statim
790 2221 861 2258 est
885 2220 1147 2275 receptum.

167 2320 169 2323 ⁴
214 2324 257 2364 1.
286 2325 360 2363 Ms-
381 2326 571 2362 collocatis
587 2325 794 2375 praesidiis.

214 2386 256 2425 Ξ.
287 2388 339 2425 13
357 2385 575 2440 septembre
595 2388 713 2426 1482.

215 2449 255 2487 3.
285 2449 513 2489 Saint-'rron
534 2449 638 2488 avait
654 2450 721 2487 fait
738 2462 780 2488 sa
799 2448 1027 2488 soumission
1047 2449 1115 2487 des
1135 2449 1173 2488 le
1193 2451 1216 2487 li
1235 2448 1465 2501 septembre.

219 2514 258 2551 Ιι.
288 2515 322 2552 Α
338 2512 431 2552 trois
446 2511 566 2551 lieues
584 2511 632 2550 de
648 2512 885 2551 Maestricht.
913 2514 967 2550 La
992 2511 1094 2563 prise
1112 2511 1162 2550 de
1181 2520 1280 2550 cette
1299 2512 1406 2564 place
1426 2519 1489 2548 eut
1509 2510 1582 2547 lieu

162 2572 363 2626 beaucoup
381 2573 468 2626 plus
487 2573 592 2621 tard,
612 2573 649 2611 le
667 2576 715 2611 17
737 2573 878 2612 fevi-ier
896 2564 1013 2612 1483.

219 2638 257 2675 5.
288 2639 341 2675 Le
359 2635 521 2675 nombre
539 2636 606 2675 des
629 2645 767 2684 moris,
795 2636 963 2688 quoique
988 2636 1164 2674 annonce
1190 2648 1261 2687 par
1279 2635 1315 2673 la
1335 2643 1519 2672 tournure
1536 2632 1583 2669 de

165 2698 201 2736 la
219 2698 377 2751 phrase,
398 2711 421 2737 a
443 2699 502 2737 ete
524 2699 634 2738 omis.
754 2700 757 2703 “

219 2765 257 2800 6.
290 2763 486 2813 Maseyck‚
505 2762 732 2801 au-dessous
752 2762 799 2800 de
816 2761 1047 2799 Maesti-ioht.
