2060 3392
465 225 518 290 Ι22
830 251 1171 289 HISTORIARUM
1206 250 1442 289 LUDOVICI
1469 253 1526 289 xl

468 339 605 400 fidia,
639 353 925 402 suarumque
956 337 1275 385 inconstantia
1307 347 1354 385 et
1376 339 1666 389 invalidita'te
1688 340 1889 407 promis·

467 418 682 478 sionum,
703 415 920 464 omnium
936 414 1107 461 animis
1129 413 1273 463 infixa
1294 416 1522 465 manebat
1535 455 1548 479 ‚
1583 428 1635 466 ut
1653 418 1887 484 quidquid

466 503 659 561 pactum
682 492 742 540 de
781 508 840 539 eo
870 491 945 539 vel
964 492 1310 556 expromissum
1346 502 1587 552 tenerent,
1625 495 1768 543 etiam
1797 494 1886 543 sub

466 572 634 636 quavis
649 569 956 634 jurisjurandi
978 568 1182 618 formula
1199 569 1499 630 roboratum,
1519 572 1638 620 nihil
1653 589 1704 620 se
1719 571 1885 621 efficax

466 660 514 696 et
535 648 595 696 de
611 664 710 713 quo
747 647 983 695 ullatenus
1010 658 1204 713 possent
1223 647 1491 710 confidere,
1521 651 1668 714 egisse
1691 650 1889 698 aestima-

466 736 600 786 rent3
639 725 723 773 sed
752 725 912 790 potius
953 741 1039 773 sua
1061 741 1261 791 quaeque
1289 737 1583 775 sacramenta
1610 737 1657 775 et
1684 727 1881 788 soedera,

465 815 694 867 tanquam
733 803 930 851 reticula
968 812 1016 851 et
1055 803 1296 869 decipulas
1320 804 1497 869 quibus
1520 815 1805 870 caperentur
1820 850 1825 855 .
1840 815 1886 853 et

466 882 759 929 irretirentur
781 882 983 938 incauti,
1005 897 1095 929 nec
1112 881 1243 941 alias,
1268 882 1545 947 accipienda
1566 882 1815 947 putabant.

933 1095 1274 1141 CAPITULUM
1309 1096 1410 1140 Vll.

519 1223 713 1272 Quomodo
730 1241 791 1263 rex
808 1228 980 1263 ducatum
1002 1227 1217 1275 Burgundiae
1243 1229 1374 1275 absque
1392 1229 1488 1265 bello
1505 1229 1688 1276 acquisivit
1703 1257 1712 1273 ,
1733 1238 1767 1264 et
1783 1227 1828 1264 de

932 1285 1047 1334 prima
1062 1287 1248 1322 obsidione
1263 1288 1420 1323 Dolensi.

534 1431 681 1474 Porro
699 1426 1058 1491 hujuscemodi,
1084 1437 1139 1474 ut
1173 1427 1404 1487 diximus,
1437 1427 1743 1475 matrimonio
1774 1439 1888 1474 con-

466 1515 617 1553 tracto
628 1521 715 1570 per
728 1504 876 1552 verba
891 1505 952 1552 de
962 1506 1204 1571 praesenti,
1220 1507 1270 1552 in
1287 1505 1506 1553 notitiam
1521 1505 1642 1575 regis
1657 1504 1883 1578 deducto,

468 1599 580 1630 cum
601 1582 781 1630 videret
823 1598 872 1630 se
896 1592 1108 1648 spretum
1128 1592 1175 1630 et
1214 1592 1573 1647 contemptum,
1611 1581 1799 1645 gravius
1836 1582 1885 1630 i'n

469 1676 552 1707 eos
574 1660 720 1725 ipsius
759 1659 955 1722 odium,
1000 1659 1210 1707 furorem
1246 1669 1388 1724 atque
1413 1659 1793 1723 indignationem
1831 1673 1888 1706 ea

468 1755 542 1786 res
573 1738 816 1798 accendit'3
846 1747 893 1785 et
916 1738 1050 1802 quod
1071 1739 1288 1803 perprius
1319 1737 1500 1785 nedum
1524 1737 1685 1803 palam
1712 1746 1767 1783 ut
1794 1735 1886 1783 ini-

467 1818 636 1877 micus,
663 1814 748 1864 sed
761 1816 921 1881 potius
935 1816 1064 1863 velut
1083 1825 1213 1863 tutor
1237 1822 1320 1863 aut
1336 1825 1527 1863 curator
1541 1815 1776 1878 legitimus
1788 1851 1800 1875 ‚
1835 1814 1887 1860 in

468 1894 681 1942 favorem
697 1910 792 1941 suae
805 1893 961 1941 filiolae
974 1910 1023 1942 se
1042 1894 1234 1957 gessisse
1256 1903 1304 1940 et
1321 1893 1383 1941 ad
1408 1893 1528 1958 juris
1546 1893 1618 1940 sui
1637 1905 1889 1939 conserva-

469 1973 652 2019 tionem
670 1981 717 2019 et
732 1972 983 2019 utititatem
997 1972 1273 2036 jactaverat,
1292 1971 1392 2035 jam
1406 1970 1653 2019 manifeste
1669 1979 1724 2016 ut
1739 1969 1889 2016 hostis

471 2065 609 2112 agere
643 2051 801 2114 coepit.
838 2051 1102 2097 Contractis
1141 2065 1350 2114 namque
1395 2066 1451 2098 ex
1487 2058 1590 2096 toto
1624 2062 1772 2111 regno
1801 2061 1889 2093 suo

472 2128 621 2192 copiis
639 2128 851 2192 equitum
874 2137 1016 2192 atque
1029 2127 1268 2192 peditum,
1291 2143 1396 2191 quae
1426 2126 1639 2192 profecto
1674 2125 1890 2172 maximae

472 2215 623 2264 erant,
643 2206 721 2252 cui
734 2208 747 2230 ¹
769 2205 912 2253 etiam
933 2214 1084 2252 totam
1106 2206 1240 2267 regni
1266 2205 1337 2251 sui
1359 2203 1658 2251 nobilitatem
1681 2218 1791 2249 cum
1805 2201 1889 2249 ad-

472 2283 700 2343 scivisset,
718 2284 827 2347 igne
850 2292 898 2330 et
918 2283 1042 2330 ferro
1065 2292 1212 2330 terras
1241 2283 1533 2347 principissae
1564 2279 1756 2344 aggredi
1778 2296 1890 2344 pro-

473 2362 682 2427 peravit3
723 2371 770 2409 et
790 2361 1026 2427 populans
1054 2376 1193 2424 agros
1223 2370 1365 2424 atque
1389 2368 1682 2425 pervastans‚
1705 2357 1891 2405 colonis

473 2439 548 2486 vel
567 2440 733 2486 occisis
748 2441 822 2487 vel
851 2439 1048 2505 captivis
1083 2438 1317 2496 abductis,
1357 2438 1496 2485 villas·
1508 2447 1889 2502 'quaquaversum

472 2533 557 2582 per
570 2534 680 2564 suos
696 2517 888 2564 incendi
912 2516 1114 2564 faciebat
1137 2518 1185 2563 in
1211 2515 1449 2577 Picardia,
1470 2514 1727 2562 Hannonia
1748 2521 1891 2577 atque

473 2593 707 2643 Flandria.

530 2754 544 2789 1
559 2784 567 2793 .
598 2751 725 2789 Plutot
742 2750 895 2802 quibus;
916 2751 1009 2789 mais
1027 2759 1130 2789 toute
1148 2750 1184 2789 la
1205 2751 1342 2802 phrase
1361 2748 1483 2802 parait
1501 2750 1660 2790 alterce-
