<?xml version="1.0" encoding="UTF-8"?>
<!DOCTYPE html PUBLIC "-//W3C//DTD XHTML 1.0 Transitional//EN"
    "http://www.w3.org/TR/xhtml1/DTD/xhtml1-transitional.dtd">
<html xmlns="http://www.w3.org/1999/xhtml" xml:lang="en" lang="en">
 <head>
  <title>
</title>
<meta http-equiv="Content-Type" content="text/html;charset=utf-8" />
  <meta name='ocr-system' content='tesseract 3.04.00' />
  <meta name='ocr-capabilities' content='ocr_page ocr_carea ocr_par ocr_line ocrx_word'/>
</head>
<body>
  <div class='ocr_page' id='page_1' title='image "./histoiredesrgn03basiuoft_0164.png"; bbox 0 0 2060 3392; ppageno 0'>
   <div class='ocr_carea' id='block_1_1' title="bbox 530 301 1581 341">
    <p class='ocr_par' dir='ltr' id='par_1_1' title="bbox 530 301 1581 341">
     <span class='ocr_line' id='line_1_1' title="bbox 530 301 1581 341; baseline -0.002 -1"><span class='ocrx_word' id='word_1_1' title='bbox 530 303 605 341; x_wconf 73' lang='lat'><strong>1¹4</strong></span> <span class='ocrx_word' id='word_1_2' title='bbox 890 301 1231 340; x_wconf 81' lang='lat' dir='ltr'>HISTORIARUM</span> <span class='ocrx_word' id='word_1_3' title='bbox 1258 301 1496 340; x_wconf 74' lang='lat' dir='ltr'><strong>Lunovlcl</strong></span> <span class='ocrx_word' id='word_1_4' title='bbox 1525 302 1581 338; x_wconf 87' lang='lat' dir='ltr'><strong>XI</strong></span> 
     </span>
    </p>
   </div>
   <div class='ocr_carea' id='block_1_2' title="bbox 507 380 1943 2244">
    <p class='ocr_par' dir='ltr' id='par_1_2' title="bbox 518 380 1943 1075">
     <span class='ocr_line' id='line_1_2' title="bbox 525 380 1943 453; baseline 0.001 -16"><span class='ocrx_word' id='word_1_5' title='bbox 525 391 655 438; x_wconf 89' lang='lat' dir='ltr'><strong>vium</strong></span> <span class='ocrx_word' id='word_1_6' title='bbox 683 405 879 438; x_wconf 84' lang='lat' dir='ltr'><strong>suorum</strong></span> <span class='ocrx_word' id='word_1_7' title='bbox 901 380 1230 453; x_wconf 85' lang='lat' dir='ltr'><strong>expeditorum</strong></span> <span class='ocrx_word' id='word_1_8' title='bbox 1253 388 1531 435; x_wconf 88' lang='lat' dir='ltr'><strong>comitatum</strong></span> <span class='ocrx_word' id='word_1_9' title='bbox 1553 397 1696 453; x_wconf 89' lang='lat' dir='ltr'><strong>atque</strong></span> <span class='ocrx_word' id='word_1_10' title='bbox 1715 389 1943 438; x_wconf 77' lang='lat' dir='ltr'><strong>auxilium</strong></span> 
     </span>
     <span class='ocr_line' id='line_1_3' title="bbox 524 452 1942 530; baseline 0 -16"><span class='ocrx_word' id='word_1_11' title='bbox 524 467 737 516; x_wconf 90' lang='lat' dir='ltr'><strong>invenire</strong></span> <span class='ocrx_word' id='word_1_12' title='bbox 754 503 766 527; x_wconf 88' lang='lat'>‚</span> <span class='ocrx_word' id='word_1_13' title='bbox 798 467 926 514; x_wconf 90' lang='lat' dir='ltr'><strong>solus</strong></span> <span class='ocrx_word' id='word_1_14' title='bbox 949 481 1060 512; x_wconf 90' lang='lat' dir='ltr'><strong>cum</strong></span> <span class='ocrx_word' id='word_1_15' title='bbox 1082 465 1245 530; x_wconf 87' lang='lat' dir='ltr'><strong>paucis</strong></span> <span class='ocrx_word' id='word_1_16' title='bbox 1274 482 1395 530; x_wconf 89' lang='lat' dir='ltr'><strong>quos</strong></span> <span class='ocrx_word' id='word_1_17' title='bbox 1418 452 1630 515; x_wconf 82' lang='lat' dir='ltr'><strong>habebat</strong></span> <span class='ocrx_word' id='word_1_18' title='bbox 1645 503 1658 527; x_wconf 90' lang='lat'>‚</span> <span class='ocrx_word' id='word_1_19' title='bbox 1683 466 1747 516; x_wconf 88' lang='lat' dir='ltr'><strong>ad</strong></span> <span class='ocrx_word' id='word_1_20' title='bbox 1770 466 1942 515; x_wconf 83' lang='lat' dir='ltr'><strong>subur-</strong></span> 
     </span>
     <span class='ocr_line' id='line_1_4' title="bbox 521 542 1942 607; baseline 0 -14"><span class='ocrx_word' id='word_1_21' title='bbox 521 544 705 593; x_wconf 89' lang='lat' dir='ltr'><strong>banum</strong></span> <span class='ocrx_word' id='word_1_22' title='bbox 737 544 880 591; x_wconf 82' lang='lat' dir='ltr'>exivit</span> <span class='ocrx_word' id='word_1_23' title='bbox 897 545 926 604; x_wconf 89' lang='lat'><strong>¹,</strong></span> <span class='ocrx_word' id='word_1_24' title='bbox 956 542 1133 590; x_wconf 89' lang='lat' dir='ltr'><strong>civium</strong></span> <span class='ocrx_word' id='word_1_25' title='bbox 1166 559 1362 590; x_wconf 87' lang='lat' dir='ltr'><strong>suorum</strong></span> <span class='ocrx_word' id='word_1_26' title='bbox 1391 559 1474 590; x_wconf 89' lang='lat' dir='ltr'><strong>seu</strong></span> <span class='ocrx_word' id='word_1_27' title='bbox 1493 544 1683 607; x_wconf 85' lang='lat' dir='ltr'><strong>ignavia</strong></span> <span class='ocrx_word' id='word_1_28' title='bbox 1714 561 1797 593; x_wconf 89' lang='lat' dir='ltr'><strong>seu</strong></span> <span class='ocrx_word' id='word_1_29' title='bbox 1826 543 1942 593; x_wconf 92' lang='lat' dir='ltr'><strong>dolo</strong></span> 
     </span>
     <span class='ocr_line' id='line_1_5' title="bbox 523 621 1943 689; baseline 0.001 -19"><span class='ocrx_word' id='word_1_30' title='bbox 523 622 728 671; x_wconf 89' lang='lat' dir='ltr'><strong>nudatus</strong></span> <span class='ocrx_word' id='word_1_31' title='bbox 751 638 806 670; x_wconf 91' lang='lat' dir='ltr'><strong>ac</strong></span> <span class='ocrx_word' id='word_1_32' title='bbox 825 621 1076 668; x_wconf 83' lang='lat' dir='ltr'><strong>destitutus</strong></span> <span class='ocrx_word' id='word_1_33' title='bbox 1087 621 1278 669; x_wconf 85' lang='lat' dir='ltr'><strong>auxilio.</strong></span> <span class='ocrx_word' id='word_1_34' title='bbox 1297 624 1458 685; x_wconf 85' lang='lat' dir='ltr'>Neque</span> <span class='ocrx_word' id='word_1_35' title='bbox 1476 622 1622 684; x_wconf 89' lang='lat' dir='ltr'><strong>enim,</strong></span> <span class='ocrx_word' id='word_1_36' title='bbox 1649 623 1719 670; x_wconf 91' lang='lat' dir='ltr'><strong>uti</strong></span> <span class='ocrx_word' id='word_1_37' title='bbox 1741 623 1943 689; x_wconf 84' lang='lat' dir='ltr'><strong>impera-</strong></span> 
     </span>
     <span class='ocr_line' id='line_1_6' title="bbox 522 697 1942 764; baseline 0.001 -17"><span class='ocrx_word' id='word_1_38' title='bbox 522 709 594 748; x_wconf 86' lang='lat' dir='ltr'><strong>rat</strong></span> <span class='ocrx_word' id='word_1_39' title='bbox 623 709 671 747; x_wconf 90' lang='lat' dir='ltr'><strong>et</strong></span> <span class='ocrx_word' id='word_1_40' title='bbox 698 699 831 764; x_wconf 90' lang='lat' dir='ltr'><strong>quod</strong></span> <span class='ocrx_word' id='word_1_41' title='bbox 857 698 922 746; x_wconf 88' lang='lat' dir='ltr'><strong>ita</strong></span> <span class='ocrx_word' id='word_1_42' title='bbox 948 698 1116 746; x_wconf 80' lang='lat' dir='ltr'><strong>facturi</strong></span> <span class='ocrx_word' id='word_1_43' title='bbox 1143 698 1300 746; x_wconf 89' lang='lat' dir='ltr'><strong>forent</strong></span> <span class='ocrx_word' id='word_1_44' title='bbox 1324 697 1623 763; x_wconf 86' lang='lat' dir='ltr'><strong>confidebat,</strong></span> <span class='ocrx_word' id='word_1_45' title='bbox 1667 716 1779 748; x_wconf 88' lang='lat' dir='ltr'><strong>eum</strong></span> <span class='ocrx_word' id='word_1_46' title='bbox 1819 700 1942 748; x_wconf 80' lang='lat' dir='ltr'><strong>inse·</strong></span> 
     </span>
     <span class='ocr_line' id='line_1_7' title="bbox 521 775 1941 838; baseline 0.002 -15"><span class='ocrx_word' id='word_1_47' title='bbox 521 777 618 831; x_wconf 88' lang='lat' dir='ltr'><strong>cuti</strong></span> <span class='ocrx_word' id='word_1_48' title='bbox 640 786 776 838; x_wconf 87' lang='lat' dir='ltr'><strong>sunt;</strong></span> <span class='ocrx_word' id='word_1_49' title='bbox 797 775 881 824; x_wconf 89' lang='lat' dir='ltr'><strong>sed</strong></span> <span class='ocrx_word' id='word_1_50' title='bbox 898 776 975 823; x_wconf 90' lang='lat' dir='ltr'><strong>vel</strong></span> <span class='ocrx_word' id='word_1_51' title='bbox 991 776 1178 824; x_wconf 83' lang='lat' dir='ltr'><strong>attoniti</strong></span> <span class='ocrx_word' id='word_1_52' title='bbox 1198 776 1496 824; x_wconf 88' lang='lat' dir='ltr'><strong>adventantis</strong></span> <span class='ocrx_word' id='word_1_53' title='bbox 1512 777 1666 825; x_wconf 86' lang='lat' dir='ltr'><strong>hostis</strong></span> <span class='ocrx_word' id='word_1_54' title='bbox 1684 777 1941 826; x_wconf 83' lang='lat' dir='ltr'><strong>formidine</strong></span> 
     </span>
     <span class='ocr_line' id='line_1_8' title="bbox 522 854 1940 920; baseline 0.003 -18"><span class='ocrx_word' id='word_1_55' title='bbox 522 871 578 902; x_wconf 91' lang='lat' dir='ltr'><strong>ac</strong></span> <span class='ocrx_word' id='word_1_56' title='bbox 609 870 810 920; x_wconf 91' lang='lat' dir='ltr'><strong>pavore,</strong></span> <span class='ocrx_word' id='word_1_57' title='bbox 837 854 912 902; x_wconf 92' lang='lat' dir='ltr'><strong>vel</strong></span> <span class='ocrx_word' id='word_1_58' title='bbox 943 854 1111 901; x_wconf 86' lang='lat' dir='ltr'><strong>inertia</strong></span> <span class='ocrx_word' id='word_1_59' title='bbox 1137 863 1381 919; x_wconf 86' lang='lat' dir='ltr'><strong>torpentes</strong></span> <span class='ocrx_word' id='word_1_60' title='bbox 1408 865 1490 902; x_wconf 90' lang='lat' dir='ltr'><strong>aut</strong></span> <span class='ocrx_word' id='word_1_61' title='bbox 1517 855 1812 920; x_wconf 84' lang='lat' dir='ltr'><strong>proditiones</strong></span> <span class='ocrx_word' id='word_1_62' title='bbox 1826 859 1940 907; x_wconf 80' lang='lat' dir='ltr'><strong>&#39;me-</strong></span> 
     </span>
     <span class='ocr_line' id='line_1_9' title="bbox 522 931 1939 997; baseline 0.002 -18"><span class='ocrx_word' id='word_1_63' title='bbox 522 931 750 995; x_wconf 85' lang='lat' dir='ltr'><strong>ditantes,</strong></span> <span class='ocrx_word' id='word_1_64' title='bbox 776 949 867 997; x_wconf 90' lang='lat' dir='ltr'><strong>pro</strong></span> <span class='ocrx_word' id='word_1_65' title='bbox 890 932 1223 980; x_wconf 82' lang='lat' dir='ltr'><strong>malevolentia</strong></span> <span class='ocrx_word' id='word_1_66' title='bbox 1245 948 1390 996; x_wconf 89' lang='lat' dir='ltr'><strong>quam</strong></span> <span class='ocrx_word' id='word_1_67' title='bbox 1421 932 1693 980; x_wconf 89' lang='lat' dir='ltr'><strong>habuerunt</strong></span> <span class='ocrx_word' id='word_1_68' title='bbox 1715 933 1778 981; x_wconf 88' lang='lat' dir='ltr'><strong>ad</strong></span> <span class='ocrx_word' id='word_1_69' title='bbox 1798 948 1939 982; x_wconf 77' lang='lat' dir='ltr'><strong>suum</strong></span> 
     </span>
     <span class='ocr_line' id='line_1_10' title="bbox 518 1010 1640 1075; baseline 0.001 -17"><span class='ocrx_word' id='word_1_70' title='bbox 518 1011 793 1073; x_wconf 86' lang='lat' dir='ltr'><strong>dominum,</strong></span> <span class='ocrx_word' id='word_1_71' title='bbox 820 1027 932 1058; x_wconf 92' lang='lat' dir='ltr'><strong>eum</strong></span> <span class='ocrx_word' id='word_1_72' title='bbox 950 1010 1147 1057; x_wconf 90' lang='lat' dir='ltr'><strong>minime</strong></span> <span class='ocrx_word' id='word_1_73' title='bbox 1169 1010 1353 1075; x_wconf 90' lang='lat' dir='ltr'><strong>insequi</strong></span> <span class='ocrx_word' id='word_1_74' title='bbox 1372 1014 1640 1059; x_wconf 84' lang='lat' dir='ltr'><strong>curarunt’.</strong></span> 
     </span>
    </p>

    <p class='ocr_par' dir='ltr' id='par_1_3' title="bbox 510 1089 1940 1621">
     <span class='ocr_line' id='line_1_11' title="bbox 581 1089 1934 1153; baseline 0.002 -17"><span class='ocrx_word' id='word_1_75' title='bbox 581 1091 735 1147; x_wconf 89' lang='lat' dir='ltr'><strong>Quem</strong></span> <span class='ocrx_word' id='word_1_76' title='bbox 773 1105 884 1136; x_wconf 91' lang='lat' dir='ltr'><strong>cum</strong></span> <span class='ocrx_word' id='word_1_77' title='bbox 908 1098 1007 1137; x_wconf 87' lang='lat' dir='ltr'><strong>tam</strong></span> <span class='ocrx_word' id='word_1_78' title='bbox 1029 1089 1200 1153; x_wconf 86' lang='lat' dir='ltr'><strong>exiguo</strong></span> <span class='ocrx_word' id='word_1_79' title='bbox 1228 1089 1477 1137; x_wconf 89' lang='lat' dir='ltr'><strong>inveniens</strong></span> <span class='ocrx_word' id='word_1_80' title='bbox 1499 1089 1650 1137; x_wconf 90' lang='lat' dir='ltr'><strong>hostis</strong></span> <span class='ocrx_word' id='word_1_81' title='bbox 1674 1091 1905 1139; x_wconf 89' lang='lat' dir='ltr'><strong>comitatu</strong></span> <span class='ocrx_word' id='word_1_82' title='bbox 1922 1130 1934 1150; x_wconf 94' lang='lat'>‚</span> 
     </span>
     <span class='ocr_line' id='line_1_12' title="bbox 514 1165 1940 1233; baseline 0.003 -20"><span class='ocrx_word' id='word_1_83' title='bbox 514 1166 563 1213; x_wconf 94' lang='lat' dir='ltr'><strong>in</strong></span> <span class='ocrx_word' id='word_1_84' title='bbox 585 1183 697 1214; x_wconf 89' lang='lat' dir='ltr'><strong>eum</strong></span> <span class='ocrx_word' id='word_1_85' title='bbox 722 1167 843 1214; x_wconf 89' lang='lat' dir='ltr'><strong>furia</strong></span> <span class='ocrx_word' id='word_1_86' title='bbox 868 1176 916 1214; x_wconf 92' lang='lat' dir='ltr'><strong>et</strong></span> <span class='ocrx_word' id='word_1_87' title='bbox 937 1166 1113 1213; x_wconf 87' lang='lat' dir='ltr'><strong>saevitia</strong></span> <span class='ocrx_word' id='word_1_88' title='bbox 1134 1165 1350 1214; x_wconf 90' lang='lat' dir='ltr'><strong>invectus</strong></span> <span class='ocrx_word' id='word_1_89' title='bbox 1363 1204 1375 1227; x_wconf 94' lang='lat'>,</span> <span class='ocrx_word' id='word_1_90' title='bbox 1408 1183 1555 1214; x_wconf 88' lang='lat' dir='ltr'><strong>manu</strong></span> <span class='ocrx_word' id='word_1_91' title='bbox 1579 1168 1777 1233; x_wconf 86' lang='lat' dir='ltr'><strong>propria</strong></span> <span class='ocrx_word' id='word_1_92' title='bbox 1791 1205 1805 1230; x_wconf 90' lang='lat'>‚</span> <span class='ocrx_word' id='word_1_93' title='bbox 1831 1168 1940 1217; x_wconf 87' lang='lat' dir='ltr'><strong>licet</strong></span> 
     </span>
     <span class='ocr_line' id='line_1_13' title="bbox 514 1243 1939 1310; baseline 0.001 -18"><span class='ocrx_word' id='word_1_94' title='bbox 514 1261 603 1310; x_wconf 89' lang='lat' dir='ltr'><strong>pro</strong></span> <span class='ocrx_word' id='word_1_95' title='bbox 625 1245 722 1292; x_wconf 87' lang='lat' dir='ltr'><strong>vita</strong></span> <span class='ocrx_word' id='word_1_96' title='bbox 754 1244 1023 1292; x_wconf 87' lang='lat' dir='ltr'><strong>humillime</strong></span> <span class='ocrx_word' id='word_1_97' title='bbox 1053 1243 1400 1309; x_wconf 86' lang='lat' dir='ltr'><strong>supplicantem</strong></span> <span class='ocrx_word' id='word_1_98' title='bbox 1431 1254 1479 1292; x_wconf 90' lang='lat' dir='ltr'><strong>et</strong></span> <span class='ocrx_word' id='word_1_99' title='bbox 1505 1245 1671 1293; x_wconf 88' lang='lat' dir='ltr'><strong>omnia</strong></span> <span class='ocrx_word' id='word_1_100' title='bbox 1695 1244 1827 1294; x_wconf 86' lang='lat' dir='ltr'><strong>bona</strong></span> <span class='ocrx_word' id='word_1_101' title='bbox 1852 1263 1939 1294; x_wconf 89' lang='lat' dir='ltr'><strong>sua</strong></span> 
     </span>
     <span class='ocr_line' id='line_1_14' title="bbox 512 1321 1940 1389; baseline 0.003 -21"><span class='ocrx_word' id='word_1_102' title='bbox 512 1331 655 1386; x_wconf 88' lang='lat' dir='ltr'><strong>atque</strong></span> <span class='ocrx_word' id='word_1_103' title='bbox 674 1323 882 1388; x_wconf 89' lang='lat' dir='ltr'><strong>seipsum</strong></span> <span class='ocrx_word' id='word_1_104' title='bbox 903 1323 954 1369; x_wconf 90' lang='lat' dir='ltr'><strong>in</strong></span> <span class='ocrx_word' id='word_1_105' title='bbox 979 1321 1220 1387; x_wconf 90' lang='lat' dir='ltr'><strong>captivum</strong></span> <span class='ocrx_word' id='word_1_106' title='bbox 1245 1323 1473 1370; x_wconf 88' lang='lat' dir='ltr'><strong>asservari</strong></span> <span class='ocrx_word' id='word_1_107' title='bbox 1499 1322 1676 1371; x_wconf 87' lang='lat' dir='ltr'><strong>obnixe</strong></span> <span class='ocrx_word' id='word_1_108' title='bbox 1695 1324 1940 1389; x_wconf 81' lang='lat' dir='ltr'><strong>postulan-</strong></span> 
     </span>
     <span class='ocr_line' id='line_1_15' title="bbox 515 1399 1933 1468; baseline 0.004 -22"><span class='ocrx_word' id='word_1_109' title='bbox 515 1409 610 1446; x_wconf 88' lang='lat' dir='ltr'><strong>tem</strong></span> <span class='ocrx_word' id='word_1_110' title='bbox 629 1438 642 1461; x_wconf 88' lang='lat'>‚</span> <span class='ocrx_word' id='word_1_111' title='bbox 684 1399 939 1448; x_wconf 87' lang='lat' dir='ltr'><strong>crudeliter</strong></span> <span class='ocrx_word' id='word_1_112' title='bbox 972 1399 1131 1464; x_wconf 85' lang='lat' dir='ltr'><strong>gladio</strong></span> <span class='ocrx_word' id='word_1_113' title='bbox 1166 1400 1216 1446; x_wconf 89' lang='lat' dir='ltr'><strong>in</strong></span> <span class='ocrx_word' id='word_1_114' title='bbox 1250 1401 1483 1448; x_wconf 87' lang='lat' dir='ltr'><strong>cervicem</strong></span> <span class='ocrx_word' id='word_1_115' title='bbox 1517 1401 1665 1467; x_wconf 86' lang='lat' dir='ltr'><strong>ipsius</strong></span> <span class='ocrx_word' id='word_1_116' title='bbox 1698 1402 1906 1468; x_wconf 91' lang='lat' dir='ltr'><strong>impacto</strong></span> <span class='ocrx_word' id='word_1_117' title='bbox 1920 1440 1933 1464; x_wconf 83' lang='lat'>‚</span> 
     </span>
     <span class='ocr_line' id='line_1_16' title="bbox 511 1477 1937 1541; baseline 0.004 -18"><span class='ocrx_word' id='word_1_118' title='bbox 511 1477 766 1526; x_wconf 81' lang='lat' dir='ltr'><strong>trucidavit</strong></span> <span class='ocrx_word' id='word_1_119' title='bbox 780 1478 812 1538; x_wconf 81' lang='lat'><strong>⁸,</strong></span> <span class='ocrx_word' id='word_1_120' title='bbox 838 1477 1008 1525; x_wconf 92' lang='lat' dir='ltr'><strong>nolens</strong></span> <span class='ocrx_word' id='word_1_121' title='bbox 1039 1477 1187 1525; x_wconf 88' lang='lat' dir='ltr'><strong>alium</strong></span> <span class='ocrx_word' id='word_1_122' title='bbox 1213 1493 1360 1541; x_wconf 90' lang='lat' dir='ltr'><strong>quam</strong></span> <span class='ocrx_word' id='word_1_123' title='bbox 1380 1493 1430 1526; x_wconf 90' lang='lat' dir='ltr'><strong>se</strong></span> <span class='ocrx_word' id='word_1_124' title='bbox 1450 1488 1550 1525; x_wconf 90' lang='lat' dir='ltr'><strong>tam</strong></span> <span class='ocrx_word' id='word_1_125' title='bbox 1577 1479 1773 1527; x_wconf 86' lang='lat' dir='ltr'><strong>nefandi</strong></span> <span class='ocrx_word' id='word_1_126' title='bbox 1799 1490 1847 1528; x_wconf 87' lang='lat' dir='ltr'><strong>et</strong></span> <span class='ocrx_word' id='word_1_127' title='bbox 1869 1496 1937 1528; x_wconf 84' lang='lat' dir='ltr'><strong>sa·</strong></span> 
     </span>
     <span class='ocr_line' id='line_1_17' title="bbox 510 1555 1750 1621; baseline 0.002 -19"><span class='ocrx_word' id='word_1_128' title='bbox 510 1555 670 1619; x_wconf 85' lang='lat' dir='ltr'><strong>crilegi</strong></span> <span class='ocrx_word' id='word_1_129' title='bbox 690 1555 919 1603; x_wconf 85' lang='lat' dir='ltr'><strong>carnificii</strong></span> <span class='ocrx_word' id='word_1_130' title='bbox 939 1565 1082 1620; x_wconf 91' lang='lat' dir='ltr'><strong>atque</strong></span> <span class='ocrx_word' id='word_1_131' title='bbox 1105 1556 1262 1621; x_wconf 90' lang='lat' dir='ltr'><strong>operis</strong></span> <span class='ocrx_word' id='word_1_132' title='bbox 1282 1555 1387 1603; x_wconf 86' lang='lat' dir='ltr'><strong>fieri</strong></span> <span class='ocrx_word' id='word_1_133' title='bbox 1409 1566 1750 1605; x_wconf 87' lang='lat' dir='ltr'><strong>exsecutorem.</strong></span> 
     </span>
    </p>

    <p class='ocr_par' dir='ltr' id='par_1_4' title="bbox 507 1633 1938 2244">
     <span class='ocr_line' id='line_1_18' title="bbox 575 1633 1936 1700; baseline 0.001 -18"><span class='ocrx_word' id='word_1_134' title='bbox 575 1633 763 1682; x_wconf 89' lang='lat' dir='ltr'><strong>Cadens</strong></span> <span class='ocrx_word' id='word_1_135' title='bbox 801 1644 961 1682; x_wconf 89' lang='lat' dir='ltr'><strong>autem</strong></span> <span class='ocrx_word' id='word_1_136' title='bbox 1001 1633 1131 1681; x_wconf 91' lang='lat' dir='ltr'><strong>idem</strong></span> <span class='ocrx_word' id='word_1_137' title='bbox 1165 1634 1418 1700; x_wconf 90' lang='lat' dir='ltr'><strong>episcopus</strong></span> <span class='ocrx_word' id='word_1_138' title='bbox 1454 1651 1565 1682; x_wconf 91' lang='lat' dir='ltr'><strong>cum</strong></span> <span class='ocrx_word' id='word_1_139' title='bbox 1598 1635 1811 1699; x_wconf 88' lang='lat' dir='ltr'><strong>quodam</strong></span> <span class='ocrx_word' id='word_1_140' title='bbox 1842 1637 1936 1684; x_wconf 89' lang='lat' dir='ltr'><strong>alio</strong></span> 
     </span>
     <span class='ocr_line' id='line_1_19' title="bbox 509 1711 1938 1778; baseline 0.003 -19"><span class='ocrx_word' id='word_1_141' title='bbox 509 1711 724 1760; x_wconf 88' lang='lat' dir='ltr'><strong>similiter</strong></span> <span class='ocrx_word' id='word_1_142' title='bbox 751 1721 922 1759; x_wconf 89' lang='lat' dir='ltr'><strong>necato</strong></span> <span class='ocrx_word' id='word_1_143' title='bbox 948 1711 1156 1775; x_wconf 83' lang='lat' dir='ltr'><strong>(caeteris</strong></span> <span class='ocrx_word' id='word_1_144' title='bbox 1183 1727 1271 1777; x_wconf 89' lang='lat' dir='ltr'><strong>per</strong></span> <span class='ocrx_word' id='word_1_145' title='bbox 1307 1711 1468 1776; x_wconf 87' lang='lat' dir='ltr'><strong>fugam</strong></span> <span class='ocrx_word' id='word_1_146' title='bbox 1499 1712 1865 1778; x_wconf 85' lang='lat' dir='ltr'><strong>evadentibus),</strong></span> <span class='ocrx_word' id='word_1_147' title='bbox 1889 1726 1938 1763; x_wconf 89' lang='lat' dir='ltr'><strong>et</strong></span> 
     </span>
     <span class='ocr_line' id='line_1_20' title="bbox 510 1790 1938 1855; baseline 0.002 -17"><span class='ocrx_word' id='word_1_148' title='bbox 510 1790 653 1838; x_wconf 86' lang='lat' dir='ltr'><strong>armis</strong></span> <span class='ocrx_word' id='word_1_149' title='bbox 674 1806 732 1838; x_wconf 91' lang='lat' dir='ltr'><strong>ac</strong></span> <span class='ocrx_word' id='word_1_150' title='bbox 759 1790 1052 1844; x_wconf 77' lang='lat' dir='ltr'><strong>indumentis</strong></span> <span class='ocrx_word' id='word_1_151' title='bbox 1077 1791 1254 1837; x_wconf 84' lang='lat' dir='ltr'><strong>caeteris</strong></span> <span class='ocrx_word' id='word_1_152' title='bbox 1288 1791 1540 1854; x_wconf 88' lang='lat' dir='ltr'><strong>spoliatus,</strong></span> <span class='ocrx_word' id='word_1_153' title='bbox 1567 1807 1720 1855; x_wconf 90' lang='lat' dir='ltr'><strong>usque</strong></span> <span class='ocrx_word' id='word_1_154' title='bbox 1755 1793 1818 1840; x_wconf 88' lang='lat' dir='ltr'><strong>ad</strong></span> <span class='ocrx_word' id='word_1_155' title='bbox 1844 1803 1938 1841; x_wconf 67' lang='lat' dir='ltr'><strong>ten-</strong></span> 
     </span>
     <span class='ocr_line' id='line_1_21' title="bbox 507 1868 1935 1936; baseline 0.003 -20"><span class='ocrx_word' id='word_1_156' title='bbox 507 1870 630 1917; x_wconf 90' lang='lat' dir='ltr'><strong>tium</strong></span> <span class='ocrx_word' id='word_1_157' title='bbox 651 1869 780 1917; x_wconf 89' lang='lat' dir='ltr'><strong>diem</strong></span> <span class='ocrx_word' id='word_1_158' title='bbox 802 1869 852 1916; x_wconf 90' lang='lat' dir='ltr'><strong>in</strong></span> <span class='ocrx_word' id='word_1_159' title='bbox 880 1885 939 1916; x_wconf 93' lang='lat' dir='ltr'><strong>eo</strong></span> <span class='ocrx_word' id='word_1_160' title='bbox 961 1869 1072 1916; x_wconf 91' lang='lat' dir='ltr'><strong>loco</strong></span> <span class='ocrx_word' id='word_1_161' title='bbox 1096 1868 1246 1932; x_wconf 72' lang='lat' dir='ltr'><strong>Jacuit</strong></span> <span class='ocrx_word' id='word_1_162' title='bbox 1274 1868 1432 1916; x_wconf 92' lang='lat' dir='ltr'><strong>nudus</strong></span> <span class='ocrx_word' id='word_1_163' title='bbox 1449 1870 1478 1915; x_wconf 75' lang='lat'><strong>⁶.</strong></span> <span class='ocrx_word' id='word_1_164' title='bbox 1507 1871 1663 1927; x_wconf 90' lang='lat' dir='ltr'><strong>Quem</strong></span> <span class='ocrx_word' id='word_1_165' title='bbox 1684 1871 1935 1936; x_wconf 85' lang='lat' dir='ltr'><strong>sacrilegus</strong></span> 
     </span>
     <span class='ocr_line' id='line_1_22' title="bbox 509 1945 1936 2015; baseline 0.001 -19"><span class='ocrx_word' id='word_1_166' title='bbox 509 1964 565 1996; x_wconf 85' lang='lat' dir='ltr'><strong>ac</strong></span> <span class='ocrx_word' id='word_1_167' title='bbox 596 1947 965 1995; x_wconf 87' lang='lat' dir='ltr'><strong>immanissimus</strong></span> <span class='ocrx_word' id='word_1_168' title='bbox 998 1945 1258 2012; x_wconf 83' lang='lat' dir='ltr'><strong>parricida,</strong></span> <span class='ocrx_word' id='word_1_169' title='bbox 1297 1963 1387 1994; x_wconf 92' lang='lat' dir='ltr'><strong>nec</strong></span> <span class='ocrx_word' id='word_1_170' title='bbox 1436 1963 1672 2011; x_wconf 75' lang='lat' dir='ltr'><strong>generosae</strong></span> <span class='ocrx_word' id='word_1_171' title='bbox 1703 1950 1936 2015; x_wconf 78' lang='lat' dir='ltr'><strong>prosapiae</strong></span> 
     </span>
     <span class='ocr_line' id='line_1_23' title="bbox 510 2022 1930 2090; baseline 0.001 -18"><span class='ocrx_word' id='word_1_172' title='bbox 510 2025 685 2072; x_wconf 87' lang='lat' dir='ltr'><strong>intuitu</strong></span> <span class='ocrx_word' id='word_1_173' title='bbox 718 2034 966 2090; x_wconf 85' lang='lat' dir='ltr'><strong>permotus</strong></span> <span class='ocrx_word' id='word_1_174' title='bbox 1002 2023 1135 2088; x_wconf 85' lang='lat' dir='ltr'><strong>(erat</strong></span> <span class='ocrx_word' id='word_1_175' title='bbox 1164 2023 1294 2071; x_wconf 91' lang='lat' dir='ltr'><strong>enim</strong></span> <span class='ocrx_word' id='word_1_176' title='bbox 1327 2022 1469 2072; x_wconf 84' lang='lat' dir='ltr'><strong>frater</strong></span> <span class='ocrx_word' id='word_1_177' title='bbox 1498 2025 1633 2073; x_wconf 90' lang='lat' dir='ltr'><strong>ducis</strong></span> <span class='ocrx_word' id='word_1_178' title='bbox 1673 2026 1902 2074; x_wconf 77' lang='lat' dir='ltr'><strong>Borbonii</strong></span> <span class='ocrx_word' id='word_1_179' title='bbox 1916 2066 1930 2085; x_wconf 93' lang='lat'><strong><em>,</em></strong></span> 
     </span>
     <span class='ocr_line' id='line_1_24' title="bbox 508 2100 1933 2166; baseline 0.003 -17"><span class='ocrx_word' id='word_1_180' title='bbox 508 2102 608 2166; x_wconf 87' lang='lat' dir='ltr'><strong>regi</strong></span> <span class='ocrx_word' id='word_1_181' title='bbox 630 2104 925 2149; x_wconf 83' lang='lat' dir='ltr'><strong>Francorum</strong></span> <span class='ocrx_word' id='word_1_182' title='bbox 953 2100 1364 2163; x_wconf 86' lang='lat' dir='ltr'><strong>consanguinitate</strong></span> <span class='ocrx_word' id='word_1_183' title='bbox 1388 2102 1700 2166; x_wconf 89' lang='lat' dir='ltr'><strong>conjunctus,</strong></span> <span class='ocrx_word' id='word_1_184' title='bbox 1727 2119 1933 2152; x_wconf 83' lang='lat' dir='ltr'><strong>avuncu-</strong></span> 
     </span>
     <span class='ocr_line' id='line_1_25' title="bbox 508 2177 1928 2244; baseline 0.003 -18"><span class='ocrx_word' id='word_1_185' title='bbox 508 2179 675 2244; x_wconf 77' lang='lat' dir='ltr'><strong>lusque</strong></span> <span class='ocrx_word' id='word_1_186' title='bbox 709 2179 1030 2227; x_wconf 75' lang='lat' dir='ltr'><strong>illustrissimae</strong></span> <span class='ocrx_word' id='word_1_187' title='bbox 1068 2177 1276 2225; x_wconf 83' lang='lat' dir='ltr'><strong>dominae</strong></span> <span class='ocrx_word' id='word_1_188' title='bbox 1307 2179 1462 2226; x_wconf 88' lang='lat' dir='ltr'><strong>Mariae</strong></span> <span class='ocrx_word' id='word_1_189' title='bbox 1479 2217 1492 2242; x_wconf 89' lang='lat'><strong><em>‚</em></strong></span> <span class='ocrx_word' id='word_1_190' title='bbox 1534 2181 1632 2244; x_wconf 86' lang='lat' dir='ltr'><strong>jam</strong></span> <span class='ocrx_word' id='word_1_191' title='bbox 1669 2179 1902 2230; x_wconf 77' lang='lat' dir='ltr'><strong>deflinctae</strong></span> <span class='ocrx_word' id='word_1_192' title='bbox 1915 2220 1928 2244; x_wconf 94' lang='lat'>,</span> 
     </span>
    </p>
   </div>
   <div class='ocr_carea' id='block_1_3' title="bbox 503 2314 1930 2857">
    <p class='ocr_par' dir='ltr' id='par_1_5' title="bbox 506 2314 1930 2430">
     <span class='ocr_line' id='line_1_26' title="bbox 561 2314 1930 2361; baseline 0.006 -9"><span class='ocrx_word' id='word_1_193' title='bbox 561 2317 600 2354; x_wconf 81' lang='lat'><strong>1.</strong></span> <span class='ocrx_word' id='word_1_194' title='bbox 636 2331 653 2349; x_wconf 71' lang='grc' dir='ltr'><strong>α</strong></span> <span class='ocrx_word' id='word_1_195' title='bbox 675 2314 890 2353; x_wconf 85' lang='lat' dir='ltr'><strong>Exiverunt</strong></span> <span class='ocrx_word' id='word_1_196' title='bbox 913 2326 1051 2353; x_wconf 85' lang='lat' dir='ltr'><strong>versus</strong></span> <span class='ocrx_word' id='word_1_197' title='bbox 1080 2314 1271 2361; x_wconf 73' lang='lat' dir='ltr'><strong>Chayne&#39;e.</strong></span> <span class='ocrx_word' id='word_1_198' title='bbox 1303 2327 1322 2350; x_wconf 86' lang='lat'><strong>›&gt;</strong></span> <span class='ocrx_word' id='word_1_199' title='bbox 1354 2314 1549 2354; x_wconf 86' lang='lat' dir='ltr'><strong>Adrianus</strong></span> <span class='ocrx_word' id='word_1_200' title='bbox 1576 2316 1625 2355; x_wconf 90' lang='lat' dir='ltr'><strong>de</strong></span> <span class='ocrx_word' id='word_1_201' title='bbox 1655 2319 1930 2359; x_wconf 84' lang='lat' dir='ltr'><strong>Veteri-Bosco</strong></span> 
     </span>
     <span class='ocr_line' id='line_1_27' title="bbox 506 2377 1532 2430; baseline 0.001 -13"><span class='ocrx_word' id='word_1_202' title='bbox 506 2392 571 2430; x_wconf 85' lang='lat' dir='ltr'><strong>ap.</strong></span> <span class='ocrx_word' id='word_1_203' title='bbox 591 2378 788 2424; x_wconf 74' lang='lat' dir='ltr'><strong>Mai-tene,</strong></span> <span class='ocrx_word' id='word_1_204' title='bbox 813 2380 944 2428; x_wconf 85' lang='lat' dir='ltr'><strong>Ampl.</strong></span> <span class='ocrx_word' id='word_1_205' title='bbox 967 2379 1158 2425; x_wconf 82' lang='lat' dir='ltr'><strong>collectio,</strong></span> <span class='ocrx_word' id='word_1_206' title='bbox 1178 2385 1208 2415; x_wconf 89' lang='lat' dir='ltr'><strong>t.</strong></span> <span class='ocrx_word' id='word_1_207' title='bbox 1229 2379 1296 2426; x_wconf 91' lang='lat' dir='ltr'><strong>IV,</strong></span> <span class='ocrx_word' id='word_1_208' title='bbox 1318 2377 1393 2417; x_wconf 89' lang='lat' dir='ltr'><strong>col.</strong></span> <span class='ocrx_word' id='word_1_209' title='bbox 1414 2380 1532 2418; x_wconf 71' lang='lat'>1377.</span> 
     </span>
    </p>

    <p class='ocr_par' dir='ltr' id='par_1_6' title="bbox 506 2439 1927 2555">
     <span class='ocr_line' id='line_1_28' title="bbox 560 2439 1927 2498; baseline 0.006 -20"><span class='ocrx_word' id='word_1_210' title='bbox 560 2443 599 2479; x_wconf 58' lang='grc' dir='ltr'><strong>θ’.</strong></span> <span class='ocrx_word' id='word_1_211' title='bbox 635 2459 650 2476; x_wconf 72' lang='grc' dir='ltr'>ι</span> <span class='ocrx_word' id='word_1_212' title='bbox 675 2440 888 2479; x_wconf 86' lang='lat' dir='ltr'><strong>Ministeria</strong></span> <span class='ocrx_word' id='word_1_213' title='bbox 915 2439 1077 2479; x_wconf 54' lang='lat' dir='ltr'><strong>stabant*</strong></span> <span class='ocrx_word' id='word_1_214' title='bbox 1085 2439 1134 2478; x_wconf 86' lang='lat' dir='ltr'><strong>ad</strong></span> <span class='ocrx_word' id='word_1_215' title='bbox 1161 2447 1318 2491; x_wconf 86' lang='lat' dir='ltr'><strong>pontem</strong></span> <span class='ocrx_word' id='word_1_216' title='bbox 1347 2442 1638 2482; x_wconf 85' lang='lat' dir='ltr'><strong>Amari—Cordis</strong></span> <span class='ocrx_word' id='word_1_217' title='bbox 1652 2475 1663 2493; x_wconf 94' lang='lat'>‚</span> <span class='ocrx_word' id='word_1_218' title='bbox 1689 2444 1927 2498; x_wconf 78' lang='lat' dir='ltr'><strong>disputantes</strong></span> 
     </span>
     <span class='ocr_line' id='line_1_29' title="bbox 506 2501 1784 2555; baseline 0 -13"><span class='ocrx_word' id='word_1_219' title='bbox 506 2503 592 2555; x_wconf 88' lang='lat' dir='ltr'><strong>quis</strong></span> <span class='ocrx_word' id='word_1_220' title='bbox 608 2503 699 2553; x_wconf 87' lang='lat' dir='ltr'><strong>iret,</strong></span> <span class='ocrx_word' id='word_1_221' title='bbox 710 2502 910 2542; x_wconf 59' lang='lat' dir='ltr'><strong>dicendo:</strong></span> <span class='ocrx_word' id='word_1_222' title='bbox 934 2502 1040 2541; x_wconf 87' lang='lat' dir='ltr'><strong>Vade</strong></span> <span class='ocrx_word' id='word_1_223' title='bbox 1059 2510 1114 2540; x_wconf 87' lang='lat' dir='ltr'><strong>tu.</strong></span> <span class='ocrx_word' id='word_1_224' title='bbox 1135 2501 1259 2540; x_wconf 82' lang='lat' dir='ltr'><strong>Vadat</strong></span> <span class='ocrx_word' id='word_1_225' title='bbox 1274 2501 1354 2541; x_wconf 89' lang='lat' dir='ltr'><strong>ille.</strong></span> <span class='ocrx_word' id='word_1_226' title='bbox 1379 2518 1399 2537; x_wconf 76' lang='lat' dir='ltr'><strong>a&gt;</strong></span> <span class='ocrx_word' id='word_1_227' title='bbox 1422 2503 1543 2554; x_wconf 82' lang='lat' dir='ltr'><strong>Ibid.‚</strong></span> <span class='ocrx_word' id='word_1_228' title='bbox 1565 2505 1640 2546; x_wconf 85' lang='lat' dir='ltr'><strong>col.</strong></span> <span class='ocrx_word' id='word_1_229' title='bbox 1664 2509 1784 2547; x_wconf 86' lang='grc'><strong>1378,</strong></span> 
     </span>
    </p>

    <p class='ocr_par' dir='ltr' id='par_1_7' title="bbox 505 2565 1856 2678">
     <span class='ocr_line' id='line_1_30' title="bbox 560 2565 1856 2621; baseline 0.004 -15"><span class='ocrx_word' id='word_1_230' title='bbox 560 2569 599 2606; x_wconf 83' lang='grc'><strong>3.</strong></span> <span class='ocrx_word' id='word_1_231' title='bbox 626 2567 659 2605; x_wconf 93' lang='lat' dir='ltr'><strong>Il</strong></span> <span class='ocrx_word' id='word_1_232' title='bbox 678 2567 786 2614; x_wconf 73' lang='lat' dir='ltr'><strong>etait,</strong></span> <span class='ocrx_word' id='word_1_233' title='bbox 807 2566 961 2605; x_wconf 83' lang='lat' dir='ltr'><strong>suivant</strong></span> <span class='ocrx_word' id='word_1_234' title='bbox 978 2565 1161 2612; x_wconf 87' lang='lat' dir='ltr'><strong>Molinet,</strong></span> <span class='ocrx_word' id='word_1_235' title='bbox 1188 2583 1206 2599; x_wconf 77' lang='grc' dir='ltr'><strong>«ι</strong></span> <span class='ocrx_word' id='word_1_236' title='bbox 1227 2566 1334 2604; x_wconf 71' lang='lat' dir='ltr'><strong>arme</strong></span> <span class='ocrx_word' id='word_1_237' title='bbox 1360 2566 1409 2605; x_wconf 89' lang='lat' dir='ltr'><strong>de</strong></span> <span class='ocrx_word' id='word_1_238' title='bbox 1434 2575 1558 2606; x_wconf 83' lang='lat' dir='ltr'><strong>toutes</strong></span> <span class='ocrx_word' id='word_1_239' title='bbox 1575 2569 1702 2621; x_wconf 72' lang='lat' dir='ltr'><strong>pieces</strong></span> <span class='ocrx_word' id='word_1_240' title='bbox 1716 2599 1726 2619; x_wconf 91' lang='lat'>‚</span> <span class='ocrx_word' id='word_1_241' title='bbox 1745 2571 1856 2611; x_wconf 82' lang='lat' dir='ltr'><strong>sinon</strong></span> 
     </span>
     <span class='ocr_line' id='line_1_31' title="bbox 505 2629 962 2678; baseline -0.007 -11"><span class='ocrx_word' id='word_1_242' title='bbox 505 2629 597 2668; x_wconf 83' lang='lat' dir='ltr'><strong>chef</strong></span> <span class='ocrx_word' id='word_1_243' title='bbox 615 2639 654 2668; x_wconf 90' lang='lat' dir='ltr'><strong>et</strong></span> <span class='ocrx_word' id='word_1_244' title='bbox 677 2629 744 2668; x_wconf 86' lang='lat' dir='ltr'><strong>des</strong></span> <span class='ocrx_word' id='word_1_245' title='bbox 758 2629 923 2678; x_wconf 84' lang='lat' dir='ltr'><strong>jamhes.</strong></span> <span class='ocrx_word' id='word_1_246' title='bbox 943 2645 962 2664; x_wconf 65' lang='grc' dir='ltr'><strong>ι</strong></span> 
     </span>
    </p>

    <p class='ocr_par' dir='ltr' id='par_1_8' title="bbox 503 2691 1926 2857">
     <span class='ocr_line' id='line_1_32' title="bbox 559 2691 1926 2746; baseline 0.004 -15"><span class='ocrx_word' id='word_1_247' title='bbox 559 2695 598 2732; x_wconf 77' lang='lat'><strong>4.</strong></span> <span class='ocrx_word' id='word_1_248' title='bbox 628 2692 787 2731; x_wconf 82' lang='lat' dir='ltr'><strong>Molinet</strong></span> <span class='ocrx_word' id='word_1_249' title='bbox 812 2701 850 2731; x_wconf 89' lang='lat' dir='ltr'><strong>et</strong></span> <span class='ocrx_word' id='word_1_250' title='bbox 873 2692 1090 2731; x_wconf 81' lang='lat' dir='ltr'><strong>Commines</strong></span> <span class='ocrx_word' id='word_1_251' title='bbox 1117 2691 1241 2728; x_wconf 90' lang='lat' dir='ltr'><strong>disent</strong></span> <span class='ocrx_word' id='word_1_252' title='bbox 1264 2704 1339 2742; x_wconf 92' lang='lat' dir='ltr'><strong>que</strong></span> <span class='ocrx_word' id='word_1_253' title='bbox 1360 2704 1429 2730; x_wconf 85' lang='lat' dir='ltr'><strong>son</strong></span> <span class='ocrx_word' id='word_1_254' title='bbox 1457 2706 1569 2746; x_wconf 84' lang='lat' dir='ltr'><strong>corps</strong></span> <span class='ocrx_word' id='word_1_255' title='bbox 1592 2695 1651 2734; x_wconf 86' lang='lat' dir='ltr'><strong>sut</strong></span> <span class='ocrx_word' id='word_1_256' title='bbox 1671 2696 1751 2744; x_wconf 77' lang='lat' dir='ltr'><strong>jete</strong></span> <span class='ocrx_word' id='word_1_257' title='bbox 1777 2697 1872 2736; x_wconf 81' lang='lat' dir='ltr'><strong>dans</strong></span> <span class='ocrx_word' id='word_1_258' title='bbox 1891 2698 1926 2737; x_wconf 83' lang='lat' dir='ltr'><strong>la</strong></span> 
     </span>
     <span class='ocr_line' id='line_1_33' title="bbox 503 2753 1925 2806; baseline 0.005 -13"><span class='ocrx_word' id='word_1_259' title='bbox 503 2757 659 2802; x_wconf 81' lang='lat' dir='ltr'><strong>Meuse3</strong></span> <span class='ocrx_word' id='word_1_260' title='bbox 681 2755 776 2794; x_wconf 87' lang='lat' dir='ltr'><strong>mais</strong></span> <span class='ocrx_word' id='word_1_261' title='bbox 794 2755 831 2794; x_wconf 87' lang='lat' dir='ltr'><strong>le</strong></span> <span class='ocrx_word' id='word_1_262' title='bbox 849 2756 977 2794; x_wconf 86' lang='lat' dir='ltr'><strong>moine</strong></span> <span class='ocrx_word' id='word_1_263' title='bbox 997 2753 1143 2793; x_wconf 85' lang='lat' dir='ltr'><strong>Adrien</strong></span> <span class='ocrx_word' id='word_1_264' title='bbox 1163 2753 1347 2805; x_wconf 87' lang='lat' dir='ltr'><strong>explique</strong></span> <span class='ocrx_word' id='word_1_265' title='bbox 1365 2756 1458 2806; x_wconf 86' lang='lat' dir='ltr'><strong>qu’il</strong></span> <span class='ocrx_word' id='word_1_266' title='bbox 1484 2757 1614 2799; x_wconf 85' lang='lat' dir='ltr'><strong>tomba</strong></span> <span class='ocrx_word' id='word_1_267' title='bbox 1634 2758 1682 2797; x_wconf 90' lang='lat' dir='ltr'><strong>de</strong></span> <span class='ocrx_word' id='word_1_268' title='bbox 1703 2772 1774 2799; x_wconf 88' lang='lat' dir='ltr'><strong>son</strong></span> <span class='ocrx_word' id='word_1_269' title='bbox 1790 2760 1925 2805; x_wconf 86' lang='lat' dir='ltr'><strong>cheval</strong></span> 
     </span>
     <span class='ocr_line' id='line_1_34' title="bbox 503 2819 730 2857; baseline 0 -1"><span class='ocrx_word' id='word_1_270' title='bbox 503 2820 597 2857; x_wconf 83' lang='lat' dir='ltr'><strong>dans</strong></span> <span class='ocrx_word' id='word_1_271' title='bbox 615 2819 730 2857; x_wconf 76' lang='lat' dir='ltr'><strong>l&#39;ean.</strong></span> 
     </span>
    </p>
   </div>
  </div>
 </body>
</html>
