2060 3392
378 345 384 349 p
642 286 790 326 mult
817 286 1071 327 snmus.
1484 290 1565 327 187

154 385 205 426 et
239 375 405 425 vicinis
443 375 603 436 terris,
641 373 836 422 dimisso
874 374 1080 422 exercitu
1096 412 1109 436 ,
1152 373 1379 422 discessit.
1420 377 1570 425 Aliam

155 463 321 521 postea
350 452 575 502 adversus
597 451 823 500 eumdem
846 452 1096 500 Britanniae
1113 452 1287 500 ducem
1308 452 1571 518 expeditio-

158 548 271 581 nem
289 530 433 580 etiam
449 531 707 579 maximam
728 528 886 587 duxit3
910 529 993 576 sed
1013 546 1124 578 cum
1146 529 1209 578 ad
1228 528 1403 578 limites·
1420 547 1573 596 usque

157 609 404 659 hostilium
423 617 657 657 ten-amm
678 606 822 656 etiam
843 608 1155 672 pervenisset,
1179 608 1465 672 sentiretque
1487 608 1575 656 du-

159 702 265 737 eum
289 687 341 734 in
368 686 533 734 limine
564 685 638 734 sui
672 685 931 746 diminuis,
965 694 1211 734 contracto
1242 685 1474 747 exercitu,
1511 685 1575 734 ad

159 762 279 814 flues
299 780 412 813 suos
432 762 660 811 tutandos
678 771 994 828 praeparatum
1010 778 1128 821 esse,
1157 778 1247 810 nec
1268 762 1452 826 ingredi
1469 764 1577 827 qui-

159 841 298 903 dem,
329 858 419 891 nec
447 841 674 890 adversus
698 841 913 902 hostem,
947 857 1093 905 quem
1116 840 1251 905 juxta
1277 841 1440 889 adesse
1472 858 1579 890 sen-

157 918 328 982 tiebat,
363 919 591 983 congredi
619 935 762 967 ausus
787 929 883 980 est,
915 918 1000 966 sed
1024 919 1224 984 turpiter
1256 921 1367 967 satis
1397 930 1447 968 et
1478 921 1579 968 sine

159 997 348 1048 honore
369 998 431 1046 ad
457 998 655 1063 propria
675 955 919 1045 remeavit.

224 1075 355 1134 Quid
374 1090 490 1123 vero
507 1075 568 1122 de
591 1075 683 1123 illis
701 1075 886 1138 magnis
905 1074 1073 1139 copiis,
1102 1090 1220 1138 quas
1240 1075 1416 1140 pluries
1436 1085 1486 1123 et
1501 1093 1580 1125 va·

160 1151 243 1201 riis
267 1153 318 1201 in
339 1153 458 1201 locis
480 1162 622 1218 atque
642 1152 942 1218 temporibus
967 1162 1137 1200 contra
1164 1152 1339 1200 ducem
1369 1157 1583 1218 Burgun-

161 1230 253 1279 dioe
284 1231 510 1280 Carolum
538 1232 588 1279 in
622 1247 818 1296 campos
856 1231 1041 1292 eduxit,
1074 1231 1368 1278 censendum
1400 1232 1585 1280 duxeri—

162 1307 302 1359 mus?
337 1309 549 1356 Primum
573 1309 704 1374 apud
732 1308 1136 1355 Montem·Hericii
1150 1346 1163 1370 ‚
1197 1308 1281 1356 ubi
1311 1325 1423 1356 cum
1447 1309 1586 1357 hoste

164 1401 465 1449 congressus,
502 1402 613 1433 cum
646 1402 757 1434 eum
782 1401 883 1432 non
916 1402 1066 1450 parvo
1106 1385 1336 1433 affecisset
1372 1386 1582 1448 damno,

166 1472 325 1511 tamen
346 1463 459 1510 inde
475 1464 673 1528 turpiter
694 1463 827 1526 sugit,
844 1463 1008 1510 relicto
1026 1462 1214 1511 honore
1231 1463 1327 1510 suis
1346 1463 1583 1526 hostibus,

165 1538 251 1603 qui
275 1539 326 1585 in
346 1538 456 1587 loco
478 1539 748 1586 certaminis
775 1546 927 1586 castra
950 1553 1038 1585 sua
1063 1554 1150 1603 per
1177 1537 1280 1586 dies
1304 1538 1486 1603 aliquot
1506 1539 1589 1587 ha·

166 1613 391 1677 buerunt,
414 1626 666 1681 postquam
689 1615 802 1663 inde
822 1631 880 1663 ac
898 1616 936 1662 si
955 1615 1109 1662 victus
1126 1615 1396 1679 diffugerat.
1421 1619 1590 1663 Postea

169 1708 283 1741 vero
310 1703 450 1758 pacta
480 1709 591 1740 cum
623 1693 796 1740 eodem
831 1709 932 1740 non
953 1693 1106 1740 multo
1134 1703 1245 1758 post
1271 1691 1459 1741 foederis
1487 1710 1592 1758 per-

169 1770 329 1828 cussit,
356 1786 444 1836 per
460 1788 565 1836 quae
580 1770 813 1829 reddebat
829 1770 920 1817 sibi
938 1787 1106 1818 omnes
1121 1771 1332 1818 civitates
1350 1781 1399 1818 et
1413 1771 1592 1836 oppida

172 1863 279 1912 quae
290 1865 433 1914 supra
445 1850 623 1914 flumen
637 1851 911 1896 Summonae
927 1849 1052 1895 ultro
1066 1850 1281 1913 citroque
1297 1849 1563 1896 consistunt
1575 1867 1588 1909 ;

174 1941 280 1990 quae
308 1926 453 1992 paulo
483 1936 593 1974 ante
626 1942 655 1973 a
678 1936 811 1991 patre
843 1941 954 1984 suo,
989 1926 1074 1991 qui
1100 1942 1157 1974 ea
1186 1926 1314 1973 velut
1344 1918 1593 1991 pignorata

174 2012 416 2064 tenuerat,
442 2003 704 2051 redemerat
726 2013 868 2066 atque
890 2003 1045 2051 luerat
1067 2019 1253 2051 summa
1274 2003 1593 2068 quadringen-

174 2090 334 2129 torum
359 2080 559 2128 millium
594 2089 839 2127 scutorum
862 2081 981 2127 auri.
1013 2083 1156 2127 Dono
1185 2081 1328 2128 etiam
1354 2081 1398 2128 ei
1423 2081 1596 2145 adjecit

176 2166 323 2207 terras
354 2157 436 2223 [et]
470 2158 800 2223 praeposituras
826 2157 1001 2222 quibus
1023 2163 1117 2205 nec·
1139 2158 1240 2223 ipse
1267 2159 1489 2220 Carolus,
1515 2175 1594 2205 ne·-

177 2256 272 2306 que
296 2241 442 2306 ipsius
469 2241 654 2304 genitor
673 2251 813 2289 antea
833 2241 970 2306 potiti
995 2240 1220 2288 fuerant¹.

243 2317 389 2368 ssiam
441 2318 583 2365 etiam
628 2318 937 2383 postmodum
979 2317 1332 2382 expeditionem
1373 2316 1597 2365 adversus

181 2395 400 2443 eumdem
421 2396 646 2443 Carolum
673 2396 846 2443 ducem
877 2395 1002 2456 fecit,
1027 2396 1078 2443 in
1096 2410 1209 2460 qua,
1234 2411 1346 2442 cum
1368 2395 1598 2443 maximas

182 2471 394 2536 undique
424 2473 635 2537 equitum
662 2483 708 2520 et
727 2473 942 2538 peditum
964 2473 1270 2521 contraxisset
1289 2474 1452 2538 copias
1473 2473 1598 2519 circa

185 2549 533 2614 compendium
555 2561 603 2598 et
623 2552 928 2611 Noviomum,
953 2560 1000 2598 et
1023 2551 1239 2598 sensisset
1260 2549 1483 2597 eumdem
1506 2549 1598 2595 du-

186 2642 292 2676 oem
314 2627 455 2674 etiam
485 2643 596 2674 eum
625 2629 809 2692 magnis
838 2628 989 2693 copiis
1021 2630 1251 2675 Peronam
1286 2642 1435 2690 usque
1457 2626 1596 2690 oppi-

242 2784 279 2819 1.
307 2783 404 2830 voy.
424 2789 452 2819 t.
472 2783 531 2827 11,
550 2795 588 2833 p.
607 2784 699 2821 ¹36.
