2060 3392
438 271 487 306 76
803 265 1143 303 ffls'romARUM
1171 258 1408 302 Lnnovtci
1436 266 1493 302 xl

437 359 580 407 ducta
603 356 794 405 cuidam
826 354 961 401 militi
984 356 1200 417 Reynero
1226 353 1286 400 de
1308 352 1631 418 Broeclruysen
1648 356 1660 379 ¹
1686 364 1735 403 et
1755 356 1857 404 cui-

436 436 550 484 dam
570 435 777 482 Henrico
799 432 858 479 de
883 428 1133 479 Nievelde’
1153 431 1406 479 commissa
1427 430 1529 478 fuit.

501 513 561 559 Hi
583 521 741 560 autem
761 510 856 558 alio
876 525 926 556 se
939 509 953 533 ³
976 507 1214 573 proficisci
1235 508 1356 556 velle
1379 509 1671 570 simulantes,
1699 509 1857 558 celan-

436 601 598 654 tesque
618 588 917 654 propositum
935 585 1068 650 quod
1089 595 1249 634 mente
1270 596 1613 653 conceperant,
1638 586 1700 635 ad
1726 586 1855 636 idem

434 668 675 732 Leydense
694 665 928 731 oppidum
946 673 1096 711 noctu
1117 665 1463 730 applicuerunt.
1491 668 1604 713 Erat
1622 674 1724 712 tum
1748 666 1856 730 gelu

434 746 543 793 satis
566 760 813 809 asperum,
843 743 910 790 ita
937 751 990 789 ut
1015 757 1164 806 aqua,
1195 758 1289 806 qua
1317 743 1474 808 ipsum
1496 742 1731 808 oppidum
1751 743 1854 790 cin-

433 823 573 887 gitur,
602 822 660 868 ‘in
687 821 885 885 glaciem
911 820 1081 867 durata
1099 857 1112 881 ,
1142 820 1265 867 sicca
1293 830 1341 868 et
1366 820 1519 868 solida
1539 819 1735 884 vestigia
1757 821 1855 870 cal-

431 899 650 947 cantibus
688 898 822 946 facile
859 897 1104 964 praeberet.
1155 898 1448 945 Transmisso
1493 898 1653 962 itaque
1697 896 1824 945 vallo
1838 935 1851 959 ‚

431 977 685 1043 oppidanis
724 976 844 1024 nihil
874 974 1046 1023 hostile
1082 975 1431 1041 suspicantibus
1453 1012 1466 1037 ,
1503 975 1587 1023 sed
1617 976 1666 1022 in
1701 975 1856 1024 stratis

430 1055 525 1102 suis
557 1071 720 1102 secure
759 1052 1111 1118 quiescentibus
1129 1090 1142 1114 ,
1169 1052 1501 1117 hujuscemodi
1531 1053 1712 1100 exsules
1741 1069 1854 1100 cum

429 1149 516 1179 suo
548 1133 781 1180 comitatu
816 1131 1208 1196 Trajectensium,
1244 1131 1379 1178 nullo
1407 1130 1687 1191 obsistente,
1714 1131 1855 1197 oppi-

428 1209 545 1257 dum
580 1210 892 1275 irrumpunt'·.
923 1208 1066 1266 Quod
1096 1209 1161 1257 ita
1195 1208 1420 1271 ingressi,
1459 1207 1854 1257 concurrentibus

427 1287 490 1335 ad
519 1304 570 1334 se
601 1288 703 1335 aliis
735 1288 784 1334 in
810 1303 869 1334 eo
901 1286 1082 1352 oppido
1114 1302 1208 1333 suae
1239 1285 1474 1345 factionis,
1501 1284 1853 1333 Hoeckensium

427 1365 620 1425 scilicet,
646 1380 705 1411 eo
727 1364 853 1411 illico
877 1364 1015 1429 potiti
1039 1364 1190 1410 sunt⁵.
1212 1363 1300 1409 Cui
1321 1354 1579 1427 inopinatae
1599 1361 1854 1427 irruptioni

426 1459 537 1489 cum
560 1441 627 1488 illi
649 1442 854 1490 adversae
883 1440 1100 1488 factionis
1114 1478 1128 1501 ,
1158 1441 1268 1488 licet
1298 1441 1440 1504 longe
1462 1440 1621 1504 plures
1648 1456 1852 1488 numero

425 1529 472 1566 et
512 1519 684 1585 opibus
726 1519 1019 1585 potentiores
1058 1528 1214 1566 essent
1229 1556 1243 1580 ,
1276 1518 1422 1565 veluti
1461 1517 1562 1581 jam
1592 1517 1766 1582 captivi
1806 1528 1853 1565 et

425 1596 607 1646 subacti
622 1636 634 1660 ‚
662 1596 814 1645 obniti
843 1614 943 1644 non
969 1596 1216 1657 auderent,
1242 1613 1298 1644 ex
1327 1596 1439 1661 ipsis
1461 1595 1647 1643 circiter
1670 1612 1748 1657 XL,
1776 1596 1851 1644 di-

425 1677 567 1741 reptis
616 1675 840 1723 domibus
890 1675 986 1722 suis
1002 1676 1034 1736 ⁶,
1076 1675 1128 1722 in
1163 1675 1305 1722 variis
1342 1675 1461 1721 locis
1504 1673 1593 1721 sub
1635 1675 1852 1733 custodia

424 1753 581 1800 traditi
615 1762 753 1813 sunt3
779 1761 1128 1815 tenueruntque
1165 1751 1348 1798 exsules
1376 1766 1488 1797 cum
1510 1749 1612 1797 aliis
1635 1767 1731 1798 suae
1759 1749 1852 1798 fac·

424 1830 567 1878 tionis
593 1829 826 1896 oppidum
840 1867 851 1889 ‚
878 1845 978 1877 sese
997 1828 1064 1876 ‘de
1087 1828 1292 1876 inimicis
1324 1828 1435 1876 satis
1467 1827 1689 1883 atrociter
1710 1827 1850 1875 ulcis-

422 1917 583 1954 centes
609 1917 657 1954 et
684 1908 838 1955 varias
859 1906 1041 1972 praedas
1069 1916 1211 1971 atque
1233 1905 1423 1971 rapinas
1444 1921 1534 1970 pro
1557 1903 1694 1953 libito
1717 1921 1848 1953 exer-

422 1995 598 2032 centes.

491 2065 666 2110 Verum
692 2063 773 2110 tali
798 2072 903 2110 astu
930 2072 978 2109 et
1007 2062 1121 2110 dolo
1147 2061 1237 2115 sibi
1267 2070 1432 2126 parata
1460 2061 1715 2108 auctoritas
1745 2077 1844 2108 non

475 2255 493 2290 1
504 2281 513 2290 .
543 2253 698 2302 Reyner
717 2263 794 2288 van
812 2249 1057 2288 Broechusen
1076 2249 1169 2288 etait
1182 2249 1231 2287 de
1249 2248 1286 2286 la
1303 2247 1452 2286 maison
1473 2247 1522 2286 de
1540 2245 1758 2286 Brederode
1775 2259 1846 2298 par

420 2328 461 2353 sa
486 2314 606 2362 mere,
638 2322 676 2351 et
704 2313 807 2351 avait
833 2315 855 2350 a
879 2325 1024 2364 venger
1049 2324 1109 2350 ses
1133 2311 1264 2350 oncles
1292 2309 1469 2362 Reynold
1490 2309 1539 2348 de
1564 2308 1782 2347 Brederode
1807 2317 1845 2347 et

417 2375 586 2423 Gisbert‚
602 2375 700 2424 jadis
721 2375 940 2427 persecutes
958 2389 1028 2427 par
1046 2375 1222 2426 l'eveque
1240 2373 1454 2412 d'Utrecht.
1485 2409 1487 2411 ,

470 2451 510 2488 2.
542 2449 724 2487 Meuelde
742 2447 837 2485 dans
852 2447 889 2485 le
908 2460 979 2485 ms.
1004 2446 1205 2485 Matthaeus
1223 2458 1247 2483 a
1265 2444 1422 2483 restitue
1441 2453 1598 2482 cenom
1620 2442 1770 2495 d'apres
1790 2443 1845 2482 les

414 2511 693 2562 chroniqueurs
711 2509 942 2557 hollandais,
965 2525 984 2544 <t
1000 2508 1171 2547 Henrico
1189 2509 1337 2558 Zuylen
1355 2521 1380 2544 a
1399 2508 1571 2554 Nyevelt.
1589 2521 1609 2540 n

471 2584 508 2620 3.
539 2584 602 2619 Sic
624 2579 839 2618 Matthaeus.
862 2583 981 2628 Lyose
996 2579 1092 2617 dans
1111 2578 1147 2616 le
1165 2590 1238 2616 mS.

470 2651 508 2687 4.
538 2647 755 2695 Matthaeus,
781 2649 973 2686 invadunt.

471 2720 508 2756 5.
541 2719 589 2757 21
607 2717 758 2765 janvier
776 2719 873 2755 1481
899 2718 1020 2766 (1480
1039 2716 1146 2754 selon
1164 2716 1309 2768 l'usage
1328 2714 1376 2753 de
1394 2715 1570 2762 France).

472 2788 509 2823 6.
541 2789 646 2824 Dans
662 2785 878 2832 Matthaeus,
903 2801 921 2819 α
937 2785 1088 2823 circiter
1106 2797 1159 2822 xv
1178 2784 1334 2836 direptis
1354 2782 1531 2821 domibus
1550 2781 1640 2820 suis.
1658 2798 1677 2816 n
