2060 3392
446 231 449 235 ’
514 252 590 287 110
876 249 1216 287 HISTORIARUM
1243 240 1480 287 Lnnovlm
1509 251 1565 287 xx

512 337 741 386 abeuntes
768 338 1028 402 plurimum
1057 336 1386 384 molestabant.
1416 337 1617 385 Dimissa
1644 353 1838 402 quoque
1865 337 1928 386 ad

512 430 684 479 pascua
719 415 795 462 vel
832 415 975 462 saltus
1008 413 1229 461 animalia
1265 414 1464 462 civitatis
1496 424 1632 480 rapta
1659 414 1930 479 frequenter

511 491 768 555 abigebant
783 529 795 553 ,
824 507 880 539 ac
908 490 1048 537 variis
1073 489 1229 538 modis
1261 500 1308 537 et
1338 490 1686 556 frequentibus,
1713 500 1763 539 et
1794 506 1930 557 paene

511 568 800 632 quotidianis
832 566 1181 615 incursionibus
1197 604 1210 627 ,
1240 568 1416 616 damna
1440 569 1618 617 civitati
1641 568 1923 618 inferebant.

512 648 622 692 Erat
654 646 831 710 quippe
858 645 1169 692 inveteratum
1183 680 1195 704 ,
1224 645 1293 692 uti
1331 645 1547 708 aiebant,
1591 646 1902 694 dominorum
1917 655 1929 678 ¹

511 722 603 768 loci
627 722 751 770 illius
774 721 940 777 odium
964 721 1026 769 ad
1055 722 1293 770 civitatem
1309 759 1321 783 ,
1344 733 1391 770 et
1418 724 1520 771 vice
1541 740 1704 784 versa3
1727 734 1931 772 certum—

511 815 604 863 que
619 799 1032 863 vulgocommune
1043 798 1374 864 proverbium,
1393 801 1526 864 quod
1542 801 1727 848 domini
1743 801 1931 849 de-Isel-

508 879 650 938 stein,
676 877 835 926 adhuc
853 878 902 925 in
923 887 1129 926 matrum
1149 877 1294 925 uteris
1306 878 1470 938 clausi,
1491 878 1652 926 hostes
1670 879 1931 943 Trajecten-

511 956 658 1015 sium,
705 956 981 1022 priusquam
1028 956 1078 1002 in
1130 955 1256 1003 hanc
1297 956 1453 1003 lucem
1490 956 1745 1004 ederentur
1760 992 1774 1015 ,
1830 971 1931 1004 esse

513 1033 736 1081 solerent.
1469 1043 1473 1047 ·

575 1113 827 1158 Moverunt
859 1111 1017 1175 itaque
1044 1127 1101 1158 ex
1133 1111 1319 1159 civitate
1339 1111 1621 1175 Trajectensi
1643 1110 1931 1159 Clivensium

510 1189 700 1254 copiae²,
733 1189 859 1236 circa
893 1197 1100 1251 quatuor
1128 1188 1275 1235 millia
1312 1189 1527 1254 peditum
1544 1226 1557 1250 ,
1595 1187 1799 1236 ducibus
1834 1190 1931 1236 En-

511 1265 758 1329 ghelberto
784 1275 832 1313 et
855 1265 1056 1312 domino
1083 1265 1144 1313 de
1177 1266 1474 1328 Monteforti,
1503 1275 1552 1313 et
1576 1282 1651 1326 se,
1676 1281 1763 1330 per
1793 1281 1933 1330 agros

511 1353 558 1389 et
584 1359 760 1408 pascua
777 1380 789 1404 ,
823 1343 911 1407 ipsi
944 1342 1177 1407 oppidulo
1211 1343 1335 1391 ultra
1363 1348 1549 1391 tantum
1573 1347 1758 1407 Jactum
1783 1343 1934 1392 misni-

509 1421 627 1468 lium
648 1421 967 1486 propinquos,
995 1420 1287 1482 effuderunt,
1312 1422 1442 1469 velut
1466 1420 1752 1486 oppidulum
1774 1419 1933 1469 obses-

511 1500 607 1547 suri
627 1501 656 1546 ⁸.
695 1500 789 1558 Qui
819 1515 930 1546 cum
944 1536 956 1560 ,
996 1499 1098 1547 sine
1126 1492 1252 1548 'fossa
1285 1501 1381 1547 illic
1416 1511 1463 1547 et
1497 1500 1624 1561 vallo
1652 1510 1735 1548 aut
1770 1498 1930 1565 aliquo

511 1577 606 1624 alio
629 1578 929 1624 munimento
946 1614 958 1638 ,
994 1577 1206 1642 quinque
1227 1587 1309 1625 aut
1328 1594 1408 1625 sex
1432 1576 1534 1624 dies
1558 1576 1757 1642 dispersi
1777 1613 1789 1636 ,
1818 1577 1932 1625 hinc

511 1654 623 1701 inde
652 1654 922 1718 jacuissent,
948 1654 1187 1718 pecudum
1215 1655 1374 1719 potius
1404 1670 1549 1718 quam
1573 1654 1778 1702 militum
1797 1670 1932 1702 more

511 1731 639 1794 (non
679 1731 808 1778 enim
848 1730 1113 1777 secundum
1155 1730 1455 1795 disciplinam
1492 1731 1745 1778 militarem
1781 1722 1933 1779 castra

511 1808 672 1855 metati
696 1816 831 1854 erant
850 1817 933 1854 aut
953 1807 1394 1872 communierant),
1422 1807 1563 1854 taedio
1589 1808 1728 1855 simu]
1755 1817 1804 1855 et
1831 1809 1931 1856 vic-

510 1885 708 1932 tualium
743 1884 928 1932 caristia
963 1894 1105 1948 atque
1152 1886 1340 1932 raritate
1378 1884 1653 1948 diffatigati,
1691 1885 1823 1933 nulla
1861 1894 1931 1933 at-

513 1972 688 2011 tentata
718 1952 1092 2028 expugnatione,
1121 1961 1388 2010 inefficaces
1425 1972 1472 2009 et
1497 1963 1636 2011 vacui
1668 1964 1931 2028 Trajectum

512 2041 769 2089 redierunt.
809 2041 947 2088 Unde
975 2058 1109 2102 cum,
1145 2050 1254 2106 post
1292 2040 1414 2087 duos
1448 2050 1532 2088 aut
1559 2050 1653 2088 tres
1680 2031 1808 2101 dies,
1842 2057 1932 2088 nec

512 2118 744 2184 stipendia
767 2120 1086 2184 perciperent,
1118 2135 1208 2165 nec
1229 2117 1474 2180 victualia,
1503 2118 1594 2166 nisi
1616 2134 1730 2166 caro
1760 2118 1929 2166 admo-

513 2195 653 2258 dum,
687 2213 965 2262 comparare
993 2197 1204 2244 valerent
1219 2233 1232 2257 ,
1268 2197 1370 2242 sine
1408 2195 1507 2243 ullo
1545 2197 1734 2260 penitus
1775 2196 1930 2244 fructu

513 2275 584 2322 vel
625 2275 813 2322 honore
859 2275 946 2340 ipsi
991 2275 1228 2323 Clivenses
1270 2284 1381 2321 sunt
1421 2274 1592 2321 reversi
1639 2275 1687 2321 in
1726 2275 1930 2340 patriam

513 2368 663 2400 suam.

581 2432 904 2495 Reposuerant
935 2439 1074 2477 antea
1110 2445 1332 2492 magnam
1372 2429 1471 2494 spei
1507 2446 1602 2476 suae
1627 2439 1810 2493 partem
1841 2429 1927 2494 ipsi

514 2507 709 2555 rebelles
738 2507 1054 2570 Trajectenses
1092 2507 1140 2552 in
1175 2507 1350 2553 auxilio
1390 2506 1526 2553 ducis
1553 2506 1808 2569 Clivensis3
1844 2506 1927 2554 sed

569 2629 606 2664 1.
637 2628 709 2663 Les
727 2627 903 2677 Egmont.

569 2689 608 2728 2.
638 2687 774 2727 Matth.
797 2703 815 2722 ιι
832 2690 889 2725 Ex
908 2686 1060 2725 civitate
1078 2686 1373 2733 'trajectensium
1393 2695 1431 2724 et
1448 2686 1679 2725 Clivensium
1698 2686 1831 2738 copiae.
1853 2704 1871 2722 ι»

571 2752 609 2790 3.
641 2751 692 2787 26
715 2750 806 2788 amit
827 2750 945 2789 1482.
