2060 3392
470 300 547 337 ³¹⁸
1032 299 1306 347 nomem,

460 384 653 434 aliunde
679 404 823 451 quam
848 403 877 432 a
901 403 1023 451 saepe
1046 386 1182 433 dictis
1205 387 1379 435 nostris
1399 387 1604 435 inimicis
1628 387 1886 438 adinventa

459 474 507 511 et
523 463 680 512 afficta
700 474 800 511 erat
814 465 1046 529 regiisque
1069 464 1264 512 auribus
1287 465 1525 528 instillata.
1551 465 1782 514 Scivimus
1799 483 1886 532 per

459 558 710 606 germanos
735 552 940 602 nostrOS,
967 542 1073 606 qui,
1100 552 1153 589 ut
1175 559 1317 608 supra
1338 543 1603 603 retulimus,
1629 559 1658 591 a
1678 544 1884 609 propriis

458 620 610 683 patria
633 629 681 666 et
702 619 882 666 laribus
903 618 1098 667 abducti
1120 620 1484 668 asservabantur
1502 620 1726 682 Turonis,
1749 622 1884 686 quod

458 695 744 744 inveteratus
777 697 855 744 ille
886 697 1125 744 malorum
1153 697 1366 758 dierum,
1393 699 1528 764 impii
1562 698 1741 764 praefati
1769 699 1885 762 regii

458 773 666 821 satellitis
699 790 873 839 parens
908 774 1236 840 impiissimus,
1271 776 1541 840 frequenter
1573 775 1635 823 ad
1659 775 1885 825 eumdem

459 849 611 898 filium
629 868 769 910 suum
789 851 1011 917 epistolas
1034 851 1271 900 scribebat
1292 869 1350 900 ex
1371 853 1684 914 Normannia,
1709 852 1884 918 quibus

457 944 569 975 eum
597 927 890 992 coarguebat
914 928 974 976 de
1007 929 1217 993 ignavia,
1245 929 1462 993 neglectu
1493 939 1635 995 atque
1669 940 1879 997 torpore,

457 1006 684 1071 quodque
703 1007 863 1054 minus
884 1007 1085 1070 vigilans
1115 1017 1162 1054 et
1186 1008 1395 1055 intentus
1415 1007 1536 1056 foret
1555 1008 1618 1056 ad
1643 1010 1884 1058 concitan-

457 1081 570 1128 dam
589 1081 842 1129 adversum
862 1098 952 1130 nos
973 1093 1115 1147 atque
1137 1082 1491 1130 incendendam
1518 1084 1642 1148 regis
1663 1084 1882 1148 indigna-

456 1159 656 1222 tionem,
689 1176 795 1225 quae
817 1161 960 1208 unica
988 1161 1066 1208 via
1092 1162 1159 1208 eis
1184 1171 1458 1226 opportuna
1489 1162 1610 1209 foret
1630 1162 1694 1209 ad
1715 1178 1882 1227 perve-

457 1236 689 1284 niendum
722 1237 786 1285 ad
825 1238 1074 1285 ecclesiam
1112 1247 1355 1300 nostram;
1394 1255 1540 1303 quam
1576 1245 1631 1286 ut
1666 1239 1884 1288 acerbius

456 1323 598 1378 atque
620 1314 949 1362 vehementius
970 1315 1310 1375 inflammaret,
1337 1314 1534 1363 deberet
1548 1316 1592 1363 ei
1610 1326 1884 1366 constanter

456 1407 662 1439 asserere
695 1402 743 1439 et
776 1393 1047 1457 frequenter
1081 1394 1176 1441 suis
1209 1393 1448 1442 inculcare
1485 1393 1680 1442 auribus
1717 1393 1852 1459 quod
1866 1431 1879 1456 ‚

457 1468 692 1533 quidquid
719 1470 770 1516 in
793 1487 905 1517 eum
934 1471 1087 1518 moliti
1117 1471 1313 1518 fiiissent
1334 1471 1512 1536 praefati
1541 1471 1695 1519 Balue
1724 1472 1885 1520 cardi-

457 1547 575 1594 nalis
612 1557 660 1594 et
696 1548 947 1613 episcopus
984 1548 1296 1596 Virdunensis
1315 1585 1327 1608 ,
1370 1548 1513 1596 nobis
1551 1546 1884 1600 inventoribus

456 1634 598 1688 atque
621 1624 898 1673 auctoribus
922 1635 1182 1679 emanarat.
1207 1626 1367 1673 Plures
1387 1626 1514 1673 enim
1538 1626 1654 1674 tales
1674 1626 1799 1674 illius
1820 1626 1882 1674 ad
1913 1688 1916 1693 ι

456 1718 596 1748 suum
620 1700 772 1748 filium
802 1703 1077 1766 nequissimi
1107 1703 1253 1768 patris
1286 1702 1467 1767 praefati
1497 1703 1647 1750 nostri
1671 1704 1884 1766 germani

456 1778 679 1826 viderunt
700 1789 747 1826 et
769 1780 982 1844 legerunt
1002 1780 1246 1846 epistolas,
1275 1795 1393 1844 quas
1415 1779 1478 1827 ad
1501 1797 1584 1828 eos
1609 1797 1732 1828 unus
1758 1781 1882 1845 ejus—

455 1855 568 1903 dem
589 1857 724 1921 impii
751 1857 958 1905 satellitis
988 1858 1187 1907 servitor
1208 1857 1355 1919 clam,
1392 1858 1612 1920 quotiens
1633 1859 1878 1923 potuisset,

456 1934 774 2000 inspiciendas
797 1935 1054 1985 deferebat.

520 2012 710 2060 Talibus
731 2014 980 2061 calumniis
993 2050 1005 2074 ,
1040 2013 1213 2062 talibus
1241 2014 1364 2062 dolis
1397 2013 1658 2079 affictisque
1678 2006 1768 2080 pro
1789 2014 1880 2061 im·

455 2091 649 2155 piorum
677 2091 931 2138 hominum
965 2092 1302 2140 nefandissima
1330 2092 1575 2140 voluntate
1604 2091 1882 2140 criminibus

456 2169 611 2232 regius
634 2169 683 2215 in
709 2185 799 2215 nos
821 2168 954 2215 furor
975 2169 1320 2232 concitabatur,
1346 2169 1656 2233 absentesque
1677 2178 1724 2216 et
1741 2185 1880 2234 pror-

456 2262 536 2292 sus
555 2245 888 2309 hujuscemodi
915 2247 1219 2294 molitionum
1240 2239 1396 2311 ignari
1422 2257 1565 2311 atque
1592 2246 1728 2293 inscii
1750 2245 1878 2294 defie-

457 2323 680 2371 rebamur
702 2324 751 2370 in
768 2333 942 2371 sontes.
967 2327 1087 2371 Nam
1104 2324 1237 2389 quod
1258 2325 1320 2372 ad
1337 2324 1590 2372 diluendas
1608 2323 1725 2372 tales
1746 2340 1880 2371 men-

457 2401 728 2448 dosissimas
763 2401 1117 2450 criminationes
1153 2402 1294 2450 nobis
1327 2401 1675 2450 elaborandum
1708 2403 1768 2450 sit
1803 2403 1882 2451 vel

457 2479 619 2539 fuerit,
645 2494 728 2525 seu
761 2478 891 2543 apud
912 2479 1158 2543 praefatum
1187 2479 1554 2527 illustrissimum
1578 2479 1877 2542 Burgundio-

459 2572 575 2602 num
598 2554 787 2615 ducem,
810 2571 894 2602 seu
914 2555 1043 2620 apud
1062 2555 1202 2603 bonae
1224 2556 1464 2604 memoriae
1485 2556 1660 2604 ducem
1684 2558 1877 2622 Aquita-

457 2633 547 2679 niae
583 2642 664 2680 aut
697 2632 842 2679 alium
886 2633 1183 2698 quempiam,
1226 2634 1422 2681 minime
1456 2651 1579 2699 opus
1619 2634 1758 2682 fuisse
1795 2644 1876 2684 aut

457 2711 674 2758 exsistere
689 2721 868 2777 norunt
886 2721 934 2757 et
952 2710 1216 2759 firmissime
1233 2711 1435 2760 credunt
1448 2729 1616 2760 omnes
1630 2713 1721 2760 viri
1735 2712 1871 2772 boni,

458 2789 541 2851 qui
556 2787 616 2835 de
633 2787 772 2835 nobis
792 2789 1123 2853 praeteritaque
1137 2789 1233 2838 vita
1247 2799 1395 2854 atque>
1404 2790 1699 2840 institutione
1716 2800 1878 2839 nostra
