2060 3392
692 286 841 324 LIBER
866 285 1066 323 PRIMUS.
1510 289 1585 325 3¹¹1

578 504 592 518 .
642 475 980 522 CAPITULUM
1013 478 1113 522 XX.

168 609 222 646 Dc
235 609 304 647 alin
321 609 524 657 gravissima
539 610 727 657 calumnia,
742 618 777 645 et
786 610 1044 645 interventione
1060 609 1161 645 ducis
1172 610 1369 657 Aquitania
1384 623 1452 659 pro
1465 611 1584 647 nobis.

230 736 326 794 Qui
356 735 500 784 etiam
527 734 629 782 ausi
661 743 771 781 sunt
803 732 948 780 talem
974 733 1025 779 in
1065 749 1154 779 nos
1184 733 1474 780 concinnare
1509 750 1587 782 ca-

165 812 415 875 lumniam,
435 830 545 860 cum
563 829 650 877 per
667 827 827 874 regem
845 810 1129 876 apprehensi
1147 810 1260 857 etin
1276 810 1584 859 deterrimum

165 907 402 940 carcerem
421 890 600 938 detrusi
618 889 835 936 fuissent¹
857 906 968 936 suus
986 887 1238 936 cardinalis
1252 888 1421 951 Balue,
1441 906 1585 953 quem

82 1006 91 1015 .
163 970 315 1036 paulo.
349 979 459 1018 ante
492 985 720 1032 magnum
754 977 801 1014 et
830 967 1122 1032 praecipuum
1157 966 1365 1013 amicum
1395 966 1586 1032 publice

163 1047 400 1113 appellare
435 1046 639 1105 solebat,
681 1045 875 1109 ejusque
908 1044 1091 1092 satelles
1121 1044 1372 1109 episcopus
1415 1044 1584 1092 Virdu-

163 1125 360 1187 nensis',
382 1124 515 1190 quod
531 1139 841 1187 quaecumque
857 1121 1141 1186 proditionis
1153 1138 1237 1168 seu
1254 1120 1487 1183 veneficii,
1513 1123 1585 1170 vel

162 1203 263 1252 doli
284 1203 398 1251 mali
410 1212 553 1266 atque
574 1199 769 1248 nefandi
787 1200 837 1246 in
856 1215 1015 1263 regem
1036 1198 1113 1246 vel
1133 1198 1392 1246 machinati
1410 1209 1581 1262 essent,

162 1281 238 1329 vel
263 1298 314 1329 se
341 1282 655 1328 intentaturos
689 1278 1028 1341 excogitassent
1061 1277 1170 1342 (pro
1202 1293 1409 1341 quorum
1436 1278 1586 1342 suspis

161 1359 301 1407 cione
316 1359 573 1406 criminum
589 1358 715 1423 capti
727 1367 774 1404 et
788 1356 1072 1421 deprehensi
1090 1355 1399 1419 ferebantur),
1420 1357 1584 1405 omnia

160 1434 303 1484 nobis
343 1434 618 1484 auctoribus
632 1472 644 1495 ,
690 1433 1021 1480 inventoribus
1065 1442 1207 1496 atque
1258 1433 1584 1481 incentoribus

160 1513 464 1579 peregissent.
491 1513 641 1576 quue
665 1511 947 1575 gravissimae
969 1520 1017 1557 et
1037 1510 1383 1557 nefandissimae
1407 1512 1584 1559 calum·

159 1590 248 1638 niae
270 1600 599 1638 commentum
628 1590 694 1636 ita
719 1588 853 1653 impii
881 1588 1103 1635 homines
1134 1588 1273 1651 regiis
1296 1589 1491 1636 auribus
1513 1590 1584 1636 in-

158 1667 429 1730 culcarunt,
460 1678 516 1715 ut
537 1668 599 1715 ad
625 1666 770 1713 fidem
792 1666 859 1713 eis
885 1665 1161 1713 habendam
1186 1665 1421 1713 adductus
1443 1667 1583 1715 fuisse

158 1761 241 1792 rex
262 1745 522 1810 aliquando
540 1745 774 1792 videatur.
803 1747 923 1790 Nam
946 1760 1059 1789 cum
1083 1743 1293 1790 secunda
1314 1744 1416 1791 vice
1438 1744 1489 1790 in
1512 1744 1581 1792 fa-

159 1838 325 1871 vorem
359 1823 509 1869 nostri
552 1821 891 1868 illustrissimus
929 1820 1325 1884 Burgundionum
1360 1820 1459 1867 dux
1497 1838 1583 1886 per

159 1917 301 1948 suum
323 1901 646 1959 secretarium,
671 1916 759 1964 pro
779 1898 919 1946 nobis
941 1898 1244 1945 clementiam
1262 1898 1362 1962 ejus
1381 1915 1582 1947 exorans

157 1988 300 2048 atque
321 1980 606 2044 imprecans,
631 1977 903 2042 scripsisset,
927 1976 1132 2022 irritatus
1153 1976 1286 2039 quod
1306 1976 1452 2024 altera
1473 1988 1582 2042 post

157 2057 369 2122 priorem
386 2057 489 2104 vice
510 2071 674 2120 preces
696 2070 785 2119 pro
808 2053 949 2100 nobis
967 2053 1155 2111 faceret,
1180 2053 1300 2099 dixit
1321 2063 1367 2100 et
1389 2053 1580 2118 publice

156 2134 207 2182 in
241 2133 342 2182 haec
374 2133 521 2182 verba
544 2131 763 2198 prorupit
793 2151 816 2175 α
845 2130 977 2195 quod
1007 2146 1256 2194 nunquam
1288 2130 1429 2194 nobis
1456 2131 1507 2178 in
1530 2148 1579 2180 se

157 2211 362 2260 admissa
394 2211 659 2274 indulgeret
691 2226 774 2257 seu
811 2209 1134 2270 condonaret,
1167 2225 1226 2255 eo
1250 2208 1382 2271 quod
1404 2209 1455 2255 in
1477 2209 1579 2273 ejus

158 2306 325 2341 necem
367 2289 625 2338 machinati
663 2288 933 2348 fuissemus,
963 2307 985 2330 ³>
1027 2286 1437 2350 quemadmodum
1476 2287 1577 2352 ipse

157 2367 455 2428 secretarius,
492 2383 581 2432 pro
622 2364 764 2412 nobis
800 2363 967 2411 missus
984 2401 996 2424 ,
1032 2363 1227 2428 praefato
1262 2363 1574 2412 illustrissimo

158 2444 269 2492 duci
289 2445 461 2505 retulit,
487 2454 629 2507 atque
653 2443 796 2490 etiam
818 2441 975 2501 nobis,
998 2458 1048 2488 se
1072 2440 1133 2488 ab
1157 2458 1216 2488 eo
1240 2441 1459 2490 audiisse.

222 2526 338 2583 Quae
358 2522 571 2588 profecto
601 2518 865 2580 calumnia,
901 2520 1120 2568 omnium
1155 2521 1443 2583 gravissima,
1475 2538 1572 2577 non

242 2690 249 2699 .
346 2660 354 2669 '
376 2662 394 2698 1
429 2663 452 2698 6
486 2689 495 2699 .

131 2730 138 2738 “
209 2663 249 2762 ἑ.
279 2661 479 2774 ἷξέινρζυὲ
488 2721 536 2759 de
547 2720 719 2768 Verdun,
737 2720 956 2759 Guillaume
973 2720 1021 2759 de
1040 2724 1298 2760 Haraucourt.
1315 2723 1441 2771 Voyez
1455 2721 1571 2760 rais-

157 2786 253 2826 toire
271 2785 323 2824 du
344 2786 462 2837 regne
481 2784 531 2824 de
547 2784 664 2823 Louis
680 2785 755 2831 xl,
775 2790 803 2822 t.
823 2785 877 2830 11,
900 2796 939 2834 p.
957 2784 1051 2822 211.
