2060 3392
444 231 446 235 '
489 233 537 269 94
848 231 1188 270 HISTORIARUM
1216 230 1454 268 LUDOVICI
1483 230 1535 269 XI

471 319 579 366 ‘exit
599 319 659 366 de
682 319 879 366 flumine
901 319 962 365 de
986 317 1140 376 Lecka
1168 318 1320 382 (quod
1347 318 1525 366 flumen
1551 319 1713 384 portio
1728 327 1810 366 est
1849 329 1896 367 et

487 397 756 445 membrum
802 397 950 445 Rheni
996 396 1240 461 fluminis),
1297 397 1515 462 praesidio
1563 397 1769 445 militum
1812 413 1895 446 seu

485 474 789 523 rutherorum
826 474 1110 521 munierant.
1153 476 1274 522 Cum
1309 484 1467 522 tamen
1507 475 1742 523 incautius
1773 474 1891 538 illic,

483 552 662 618 absque
688 553 796 600 valli
824 552 1121 600 munimento
1157 562 1240 601 aut
1253 554 1416 602 castris
1437 570 1574 602 more
1592 553 1781 601 militari
1803 552 1897 601 dis-

483 631 662 695 positiS,
687 646 736 678 se
760 628 1058 692 effudissent,
1084 646 1172 678 nec
1199 630 1260 678 ad
1279 631 1627 696 explorandum
1647 632 1895 679 molimina

481 706 871 771 Trajectensium,
906 722 1112 769 quorum
1135 708 1298 755 civitas
1331 707 1394 755 ab
1421 725 1480 756 eo
1504 708 1614 756 loco
1653 725 1752 757 non
1793 724 1895 756 am-

482 784 605 849 plius
626 800 725 830 uno
746 773 933 831 milliari
951 784 1113 849 patriae
1139 794 1323 833 remota
1343 795 1439 847 est,
1464 801 1680 834 cursores
1704 785 1895 851 expedi·

482 870 557 909 tos
570 860 820 924 haberent,
843 860 1002 909 subito
1017 878 1116 910 uno
1135 879 1276 911 mane
1290 863 1529 911 irruerunt
1547 864 1597 910 in
1611 879 1695 911 eos
1711 863 1894 928 Trajec·

482 948 635 986 tenses
656 955 768 986 cum
787 938 883 986 suis
901 938 1120 999 rutheris,
1142 949 1189 987 et
1206 956 1289 987 eos
1306 939 1565 1004 imparatos
1585 955 1697 987 cum
1718 955 1894 1004 magno

481 1016 688 1063 clamore
709 1015 864 1065 adorti
876 1053 889 1078 ‚
905 1016 954 1063 in
969 1014 1130 1079 sugam
1146 1025 1389 1064 verterunt
1403 1053 1416 1079 ,
1434 1015 1616 1082 absque
1637 1017 1895 1066 certamine

481 1093 555 1140 vel
577 1109 753 1158 pugna.
792 1093 909 1141 Caesi
941 1109 997 1141 ex
1025 1093 1172 1158 ipsius
1207 1093 1531 1141 Hollandrinis
1562 1094 1748 1142 circiter
1780 1109 1896 1158 qua-

481 1172 698 1237 draginta
712 1210 724 1234 ,
746 1183 794 1222 et
821 1174 947 1239 capti
982 1174 1109 1222 circa
1145 1174 1384 1237 sexaginta
1418 1173 1706 1222 serebantur.
1731 1173 1895 1222 Caeteri

482 1250 545 1299 ad
567 1268 727 1314 naves,
755 1267 872 1316 quas
892 1268 977 1317 per
997 1252 1176 1300 flumen
1191 1251 1502 1315 advexerant,
1527 1262 1576 1300 et
1596 1252 1728 1314 alias,
1751 1261 1895 1318 prout

481 1345 532 1376 se
567 1331 634 1377 eis
657 1331 988 1396 opportunitas
1005 1330 1270 1395 ingerebat,
1293 1331 1571 1396 confugium
1591 1332 1890 1394 invenerunt.

483 1406 776 1455 Bombardas
796 1424 946 1472 usque
969 1407 1031 1456 ad
1065 1425 1317 1476 numerum
1340 1427 1460 1472 xxx,
1490 1419 1591 1456 tum
1626 1424 1894 1473 grossarum

482 1494 586 1532 tum
615 1486 857 1533 minorum
870 1522 884 1545 ,
927 1486 1037 1534 satis
1067 1485 1252 1534 nobiles
1293 1503 1402 1534 cum
1433 1486 1592 1552 praeda
1607 1525 1620 1549 ‚
1667 1501 1812 1551 quam
1833 1485 1895 1534 de

485 1562 686 1611 navibus
726 1564 988 1629 expositam
1032 1563 1082 1611 in
1125 1573 1300 1611 terram
1346 1565 1558 1612 invenire
1608 1557 1890 1629 potuerunt,

483 1655 594 1687 cum
616 1640 832 1706 pluribus
862 1639 1144 1688 militaribus
1165 1641 1588 1690 Hollandrinorum
1615 1642 1758 1706 signis
1787 1643 1895 1688 Tra·

477 1717 656 1781 jectum
691 1719 741 1765 in
780 1734 916 1766 suam
951 1719 1185 1766 civitatem
1223 1719 1529 1780 invexerunt,
1573 1735 1685 1766 cum
1718 1720 1894 1782 magno

480 1796 656 1844 civium
680 1797 927 1862 applausu.
1000 1833 1008 1838 .

544 1872 638 1920 Sed
657 1889 746 1921 nec
769 1890 825 1921 ea
845 1873 1004 1922 laetitia
1021 1875 1088 1922 eis
1108 1874 1275 1938 longa,
1291 1891 1381 1922 nec
1394 1874 1544 1922 fausta
1565 1873 1895 1938 hujuscemodi

480 1958 654 2014 tropaea
679 1951 977 2012 exstiterunt,
1003 1951 1413 2016 quemadmodum
1434 1951 1579 2016 paulo
1601 1960 1710 2016 post
1737 1950 1786 1998 in
1826 1966 1894 1998 se·

480 2028 733 2092 quentibus
755 2028 1029 2077 reseremus.
1064 2033 1126 2077 Ut
1160 2029 1290 2077 enim
1315 2029 1488 2077 cecinit
1508 2038 1651 2095 poeta
1676 2027 1892 2092 insignis-

480 2121 624 2153 simus
637 2142 650 2167 ,

595 2196 745 2238 Nescia
767 2211 886 2239 mens
907 2196 1131 2239 hominum
1149 2195 1226 2238 fati
1247 2197 1452 2254 sortisque
1473 2195 1624 2238 futurae
1638 2227 1650 2250 ‚

596 2264 686 2307 Nec
707 2280 869 2307 servare
893 2264 1087 2315 modum,
1112 2265 1238 2307 rebus
1261 2265 1425 2307 sublata
1445 2262 1637 2307 secundis
1650 2265 1682 2305 ¹.

545 2360 770 2408 Miserunt
791 2358 992 2408 subinde
1019 2359 1335 2423 Trajectenses
1358 2359 1537 2423 legatos
1559 2374 1670 2405 suos
1710 2357 1758 2403 in
1787 2360 1892 2405 Bra-

478 2436 692 2485 bantiam
733 2454 823 2502 pro
861 2435 1162 2484 concilianda
1200 2451 1317 2501 pace
1354 2452 1465 2482 cum
1507 2435 1628 2482 duce
1667 2434 1856 2482 Austriae
1875 2472 1888 2496 ,

478 2514 516 2562 si
538 2524 753 2580 possent,
778 2514 959 2561 secluso
980 2511 1247 2578 pontifice'.
1275 2515 1344 2559 De
1378 2527 1495 2577 pace
1524 2511 1654 2558 enim
1689 2527 1800 2558 cum
1833 2526 1891 2557 eo

531 2623 569 2659 1.
600 2621 652 2659 Ce
669 2619 736 2671 qui
753 2618 828 2658 suit
844 2619 967 2657 forme
984 2631 1037 2656 un
1056 2629 1235 2655 nouveau
1253 2615 1424 2668 chapitre
1442 2616 1538 2655 dans
1558 2615 1773 2655 Matthaeus.

530 2685 568 2722 2.
599 2684 704 2722 Cette
734 2681 957 2721 ambassade
983 2681 1041 2719 sut
1068 2679 1239 2730 envoyee
1276 2681 1298 2717 ὲ
1335 2682 1482 2718 Anvers
1517 2692 1567 2718 au
1601 2678 1698 2718 mois
1725 2678 1774 2717 de
1803 2691 1889 2730 sep-

479 2745 625 2785 tembre
648 2747 745 2786 1481
755 2774 764 2784 .
