2060 3392
390 298 467 335 ¹36
754 298 1098 336 HISTORIARUM
1123 299 1361 338 LUDOVICI
1387 301 1443 338 XI

389 386 548 452 potius
581 386 776 434 infamia
804 386 900 434 ulla
935 387 1151 448 emersit;
1177 387 1294 452 quin
1321 388 1480 453 potius
1497 389 1560 438 ab
1582 389 1806 438 omnibus

388 463 518 511 velut
537 464 682 530 ipsius
705 480 825 511 uxor
841 464 1051 527 legitima
1070 464 1355 513 habebatur.

454 542 710 607 Propositis
734 542 875 606 igitur
895 541 1227 606 hujuscemodi
1243 543 1420 604 causis,
1464 553 1661 610 propter
1689 561 1820 613 quas·

388 635 486 666 non
510 619 572 666 ad
592 618 771 666 liberos
795 618 1028 679 defuncti,
1054 620 1138 668 sed
1156 621 1219 669 ad
1251 638 1300 669 se
1318 622 1492 687 potius,
1515 623 1661 688 ipsius
1690 624 1807 670 uni-

386 713 498 743 cum
532 713 812 760 germanum
850 698 1147 763 superstitem
1161 735 1173 758 ,
1206 699 1428 748 diadema
1465 711 1513 748 et
1553 701 1807 767 imperium

386 775 520 838 regni
545 776 651 839 jure
689 774 967 824 devolutum
1000 776 1259 837 asserebat,
1298 788 1346 825 et
1383 779 1608 842 requisita
1640 778 1702 827 ab
1740 777 1808 827 eis

386 869 527 917 super
564 860 625 901 ea'
655 869 706 901 re
745 855 999 914 sententia,
1046 844 1194 918 quos¹
1229 855 1291 903 ad
1325 872 1583 904 commune
1613 857 1806 922 capien-

386 930 504 977 dum
537 947 678 996 super
714 933 846 996 regni
888 932 1216 981 moderatione
1254 933 1506 982 consilium
1545 935 1669 982 intra
1704 950 1805 983 cas-

385 1016 512 1054 trum
528 1043 540 1067 ,
566 1008 699 1072 quod
737 1010 896 1057 Turris
942 1010 1303 1059 Londoniarum
1341 1012 1484 1075 vulgo
1521 1012 1802 1077 appellatur,

386 1095 700 1146 convocarat,
744 1103 856 1134 cum
894 1089 994 1152 ipse
1043 1087 1269 1136 dominus
1288 1088 1368 1136 ·de
1404 1089 1690 1155 Hastinglze,
1724 1090 1807 1153 qui

387 1161 598 1210 defuncti
630 1164 752 1227 regis
784 1181 985 1228 magnus
1027 1166 1324 1213 consiliarius
1363 1175 1411 1213 et
1443 1166 1625 1214 amicus
1668 1166 1807 1214 exsti-

387 1249 532 1303 terat,
558 1242 725 1307 spretis
754 1243 958 1308 praefatis
987 1243 1338 1305 calumniandi,
1376 1244 1506 1291 velut
1523 1243 1707 1307 affictis,
1733 1261 1809 1292 co-

386 1316 587 1378 loribus,
611 1329 886 1367 constanter
909 1337 999 1385 pro
1018 1321 1125 1384 jure
1149 1320 1412 1368 liberorum
1440 1320 1654 1368 defuncti
1687 1322 1810 1386 regis

388 1395 576 1443 locutus
614 1395 776 1445 fuisset
793 1407 841 1445 et
862 1398 1012 1446 libere
1034 1399 1181 1464 ipsius
1203 1399 1337 1446 ducis
1361 1399 1595 1446 voluntati
1617 1409 1809 1447 contra-

388 1472 578 1521 dixisset
593 1509 605 1533 ,
644 1474 808 1523 dicens
832 1492 881 1523 se
904 1475 968 1523 ob
994 1475 1169 1536 fidem,
1202 1493 1348 1540 quam
1382 1479 1484 1524 Deo
1515 1476 1727 1541 primum
1752 1493 1809 1524 ac

388 1550 615 1598 defuncto
654 1553 754 1616 regi
786 1552 1008 1616 deberet,L
1042 1570 1292 1618 nunquam
1322 1554 1371 1601 in
1407 1553 1623 1601 fraudem
1649 1553 1810 1616 hujus-

387 1628 577 1676 cemodi
600 1646 739 1677 suum
761 1640 981 1695 praestare
1004 1647 1248 1678 assensum
1262 1668 1274 1691 ,
1301 1631 1428 1678 illico
1456 1630 1686 1678 obseratis
1708 1631 1809 1694 ejus

388 1706 527 1753 castri
560 1707 728 1771 portis,
757 1706 973 1755 adhibita
1002 1708 1145 1756 etiam
1182 1708 1386 1755 militum
1425 1706 1643 1755 custodia
1656 1745 1668 1768 ,
1692 1723 1810 1771 quo-

389 1801 497 1831 rum
519 1800 569 1832 se
591 1785 810 1832 satellitio
830 1786 1196 1847 communierat,
1224 1785 1448 1833 eumdem
1470 1784 1724 1832 dominum
1748 1784 1810 1832 de

391 1862 654 1927 Hastz'nghe
675 1862 935 1928 decapitari
953 1863 1096 1911 fecit².
1120 1866 1242 1911 Cum
1260 1873 1421 1911 autem
1442 1863 1590 1928 ipsius
1612 1862 1805 1925 familia,

390 1955 494 2003 quae
511 1939 646 2003 juxta
666 1937 852 1988 Turrim
879 1941 994 1988 foris
1017 1941 1260 2003 adstabat,
1287 1957 1532 1988 rumorem
1569 1942 1696 1988 intus
1713 1940 1809 1988 fac·

391 2028 492 2065 tum
516 2028 563 2065 et
586 2019 846 2067 tumultum
877 2019 1075 2068 audiens
1092 2059 1104 2083 ,
1133 2020 1194 2068 de
1225 2019 1340 2067 dolo
1372 2036 1428 2067 ac
1457 2019 1706 2078 violentia,
1748 2035 1809 2066 ne

391 2095 591 2142 domino
611 2113 698 2143 suo
722 2097 838 2144 illati
860 2094 1038 2155 essent,
1062 2097 1319 2158 haesitaret,
1345 2096 1428 2143 illo
1450 2104 1594 2160 caput
1611 2095 1758 2160 ipsius
1781 2110 1808 2141 e

389 2190 528 2221 muro
551 2174 752 2222 eisdem⁸
773 2185 843 2223 est
864 2185 1130 2237 ostensum,
1167 2185 1222 2223 ut
1251 2175 1352 2239 jam
1391 2175 1451 2222 de
1488 2174 1689 2225 domino
1720 2190 1807 2221 suo

388 2250 619 2315 quidnam
641 2252 817 2299 factum
838 2252 990 2300 fuerat
1011 2252 1215 2317 amplius
1244 2252 1443 2298 minime
1462 2250 1738 2313 ambigeret.

455 2330 591 2394 Capti
614 2339 726 2376 sunt
754 2339 912 2377 autem
932 2339 980 2377 et
1002 2330 1052 2376 in
1082 2345 1323 2377 carcerem
1344 2328 1522 2376 detrusi
1554 2344 1640 2392 per
1672 2344 1807 2375 eum-

444 2489 479 2526 1.
513 2489 626 2536 Quod
641 2488 736 2526 dans
754 2488 790 2526 le
809 2492 880 2528 m‘s.

443 2552 483 2589 2.
514 2550 693 2602 Hastings
721 2551 779 2589 fut
800 2551 974 2604 decapite
998 2554 1020 2590 a
1045 2552 1083 2589 la
1099 2554 1202 2589 Tour
1223 2551 1260 2588 le
1279 2551 1329 2588 13
1345 2548 1429 2597 juin
1452 2550 1556 2587 ¹483
1571 2577 1582 2596 ,
1605 2548 1701 2596 mais
1719 2561 1808 2587 sous

388 2614 424 2652 le
443 2614 617 2665 pretexte
635 2612 727 2651 d'un
745 2614 916 2665 complot
933 2614 1054 2652 trame
1073 2626 1143 2665 par
1161 2613 1215 2651 lui
1233 2621 1366 2651 contre
1384 2612 1420 2650 le
1438 2611 1514 2649 duc
1532 2611 1580 2649 de
1593 2611 1806 2658 Glocester,

388 2675 454 2727 qui
480 2675 626 2714 n'avait
652 2688 792 2714 encore
814 2675 925 2715 laisse
950 2674 1117 2728 paraitre
1141 2688 1291 2723 aucune
1320 2674 1368 2713 de
1393 2687 1452 2712 ses
1475 2673 1712 2726 pretentions
1729 2674 1752 2711 a
1770 2672 1808 2710 la

386 2750 598 2777 couronne.

443 2804 482 2840 3.
512 2801 544 2840 11
562 2802 642 2840 saut
659 2803 779 2839 eidem
799 2801 978 2854 puisqu'il
997 2814 1022 2852 y
1039 2814 1062 2839 a
1079 2803 1293 2847 haesitaret,
1311 2808 1349 2838 et
1365 2799 1452 2852 plus
1470 2800 1549 2838 loin
1567 2798 1785 2850 ambigeret.
