2060 3392
451 283 526 319 381.
1026 285 1275 333 ,women
1292 311 1303 330 ‚

449 371 511 418 ad
554 387 765 419 annuam
805 373 1045 437 accipiunt
1093 389 1177 420 seu
1221 372 1500 420 conducunt
1545 374 1866 438 pensionem?

449 453 600 515 Atque
646 451 828 498 utinam
880 451 982 499 sola
1017 451 1118 498 haec
1155 451 1206 498 in
1252 453 1319 499 eis
1359 451 1693 500 insufficientia
1728 462 1865 514 esset,

448 527 622 576 scilicet
656 528 923 591 ignorantia
953 529 1089 593 juris.
1133 528 1396 576 Tolerabile
1422 522 1548 577 'esset
1575 530 1738 594 utique
1771 545 1870 577 ma-

447 604 549 652 lum
566 643 578 667 ‚
617 606 766 654 modo
783 605 976 654 -bonam
1010 617 1056 654 et
1092 616 1268 654 rectam
1300 623 1390 672 pro
1424 623 1510 655 sua
1530 608 1735 656 naturali
1755 624 1869 674 pru-

447 682 608 731 dentia
633 684 751 748 juris
778 683 969 732 dicendi
990 694 1037 731 et
1060 684 1297 732 statuendi
1319 695 1536 748 gererent
1553 685 1864 733 voluntatem.

446 762 583 825 Atqui
615 762 829 826 profecto
854 763 1159 810 communius
1189 762 1362 811 accidit
1389 773 1442 810 ut
1463 781 1519 811 ex
1552 763 1870 828 iniquioribus

446 838 505 885 de
536 839 677 886 Israel
710 839 992 904 iniquissimi
1023 839 1085 887 ad
1117 840 1229 887 talia
1266 839 1424 888 officia
1457 841 1717 888 eleventur.
1752 843 1866 903 Nec,

445 916 535 963 nisi
574 933 684 964 cum
715 917 1016 980 difficultate,
1057 917 1191 965 aliter
1225 918 1501 982 contingere
1540 927 1722 984 potest,
1757 935 1870 966 cum

445 1010 545 1040 non
569 995 684 1042 alias
716 1012 863 1059 quam
901 995 964 1044 ad
998 996 1270 1043 auctionem
1301 1006 1348 1043 et
1369 995 1459 1044 sub
1498 996 1676 1044 tributo
1699 1013 1869 1045 annuae

444 1072 688 1135 pensionis
717 1073 1050 1121 arrendentur.
1083 1072 1229 1132 Quod
1263 1089 1374 1120 cum
1419 1074 1491 1120 vir
1516 1073 1674 1121 bonus
1703 1084 1751 1121 et
1769 1074 1869 1138 jus-

443 1149 552 1196 titiae
581 1151 756 1198 zelator
796 1151 997 1215 quisque
1025 1151 1280 1199 exhorrere
1314 1161 1361 1198 et
1397 1152 1628 1199 exsecrari
1664 1145 1837 1200 debeat
1851 1188 1864 1212 ‚

443 1236 495 1274 ut
520 1227 581 1275 ad
603 1228 926 1292 iniquissimos
947 1229 1186 1290 homineS,
1212 1228 1381 1294 praedae
1409 1239 1456 1276 et
1488 1229 1765 1294 rapinarum
1788 1245 1868 1277 ve·

444 1315 634 1354 natores
666 1316 816 1371 atque„
838 1306 1070 1372 cupidos,
1102 1307 1383 1372 perveniant
1404 1317 1608 1373 oportet.

935 1536 1280 1582 CAPITULUM
1314 1539 1372 1582 X.

522 1662 575 1696 De
593 1661 732 1708 vulgari
747 1662 902 1697 clamore
918 1661 963 1697 de
980 1663 1096 1708 har-au,
1115 1672 1149 1698 et
1167 1672 1257 1698 statu
1273 1663 1528 1700 advocatorum
1544 1665 1784 1702 Normanniae.

505 1793 722 1849 Quantos
743 1807 857 1838 vero
881 1800 941 1838 -et
967 1801 1147 1855 quanta
1175 1790 1395 1840 facilitate
1428 1792 1584 1839 litium
1618 1794 1869 1858 voragines

438 1878 485 1915 et
520 1868 920 1916 inextricabilium
951 1869 1170 1916 cumulos
1191 1870 1508 1932 quaestionum
1531 1870 1748 1935 quotidie
1766 1888 1868 1920 sus-

438 1947 550 1993 citet
570 1957 618 1994 et
633 1948 806 1995 exoriri
832 1947 970 1995 saciat
987 1947 1192 2010 vulgaris
1225 1958 1272 1995 et
1305 1958 1516 1996 assuetus
1529 1985 1542 2010 ,
1581 1949 1743 1996 nescio
1773 1966 1869 2013 qua

438 2024 648 2087 primum
702 2034 892 2071 exortus
930 2023 1151 2071 barbarie
1166 2026 1196 2085 ¹,
1243 2025 1424 2072 clamor
1457 2025 1536 2072 ille
1585 2025 1645 2073 de
1682 2025 1837 2074 hama
1851 2063 1864 2086 ,

438 2118 582 2148 nemo
610 2111 679 2148 est
712 2102 795 2165 qui
827 2101 1115 2148 sufficienter
1137 2101 1309 2149 referre
1333 2103 1505 2167 possit;
1535 2102 1595 2150 de
1620 2119 1720 2168 quo
1744 2104 1783 2151 si
1804 2103 1867 2152 ad

436 2177 634 2242 plenum
677 2178 819 2225 nobis
852 2178 1112 2226 dicendum
1153 2188 1304 2239 esset,
1341 2189 1387 2226 et
1427 2196 1595 2227 omnes
1632 2179 1867 2228 referendi

436 2254 635 2317 abusus,
664 2257 827 2303 omnia
850 2256 1006 2303 litium
1037 2255 1310 2317 involucra,
1347 2258 1511 2306 omnia
1544 2258 1723 2306 damna
1753 2258 1866 2307 inde

437 2332 612 2379 accolis
652 2334 813 2397 patriae
855 2335 1188 2398 provenientia
1230 2334 1509 2397 retexenda,
1554 2351 1658 2399 quae
1690 2336 1866 2388 ‚dietim

436 2425 491 2456 ac
533 2410 709 2474 passim
739 2411 920 2475 ubique
959 2428 1045 2476 per
1079 2421 1230 2458 totam
1273 2413 1573 2476 provinciam
1607 2413 1720 2460 inde
1752 2430 1864 2479 pro·

435 2487 598 2534 venire
635 2488 1012 2552 conspiciuntur,
1042 2504 1130 2535 nec
1166 2505 1255 2536 nos
1281 2489 1343 2536 ad
1381 2489 1476 2536 hoc
1508 2489 1742 2551 sufficere,
1775 2507 1864 2539 nec
1904 2490 1909 2495 ’

435 2581 753 2630 quemquam,
799 2566 888 2612 nisi
929 2581 1104 2629 magno
1157 2565 1362 2631 desuper
1412 2568 1542 2615 edito
1588 2568 1858 2631 volumine,

493 2730 528 2767 1.
559 2728 619 2765 On
639 2729 738 2765 n’est
756 2739 823 2778 pas
845 2726 933 2778 plus
960 2727 1106 2765 avance
1135 2727 1385 2767 maintenant.
1412 2729 1505 2768 Voir.
1530 2729 1567 2769 le
1589 2730 1783 2770 Glossaire
1812 2731 1862 2771 de

434 2793 495 2827 Du
514 2791 641 2843 Cange
660 2803 737 2828 aux
758 2798 856 2829 mots
873 2793 1006 2842 Harop
1021 2798 1059 2828 et
1078 2793 1244 2843 Hamep.
