2060 3392
501 300 577 336 370
1074 294 1346 344 APoLomA,

500 405 622 437 mus.
646 388 762 454 Ipsis
783 399 956 452 nempe
977 387 1111 434 omni
1134 398 1324 451 prorsus
1338 384 1561 450 adempta
1581 383 1814 446 libertate,
1830 400 1920 432 nec

499 467 662 514 civitas
682 466 780 513 ulla
808 466 971 513 relicta
998 476 1097 512 esse
1124 473 1302 530 potest,
1337 461 1746 528 quemadmodum
1766 462 1920 511 mani*

498 545 611 592 feste
651 545 811 608 legum
852 543 1126 609 exprimunt
1163 542 1453 601 sanctiones3
1493 538 1635 587 nobis
1677 554 1793 588 vero
1834 540 1920 587 etsi

496 623 665 687 patria,
691 638 781 669 nec
797 630 956 669 tamen
988 620 1197 682 libertas,
1224 636 1314 667 nec
1336 619 1515 680 civitas,
1544 621 1647 665 Deo
1667 616 1816 664 nostri
1830 616 1920 663 mi—

497 709 698 763 serante,
741 699 965 765 adempta
1001 708 1085 746 est.
1115 701 1223 756 Qua
1256 697 1490 758 libertate,
1520 694 1692 743 eodem
1717 694 1841 742 duce
1874 703 1922 743 et

495 788 782 844 protectore,
822 790 924 825 non
957 777 1006 824 in
1033 777 1336 825 occasionem
1369 775 1525 823 carnis
1556 773 1713 836 abuti,
1749 772 1834 820 sed
1857 771 1919 820 ad

496 856 643 921 ipsius
667 856 947 904 famulatum
968 865 1016 902 et
1040 855 1283 903 servitium
1308 854 1375 901 uti
1394 863 1441 901 et
1462 851 1750 901 conabimur
1772 861 1820 899 et
1837 867 1920 898 cu-

495 934 724 982 rabimus.

976 1138 1318 1184 CAPITULUM
1359 1138 1438 1183 vl.

873 1273 918 1306 In
935 1284 1007 1318 quo
1027 1280 1152 1319 quarta
1166 1271 1257 1307 ratio
1273 1270 1539 1306 consolationis.

560 1398 740 1453 Quarta
760 1393 1080 1441 consideratio
1107 1409 1192 1440 seu
1215 1392 1393 1458 species
1422 1407 1518 1457 qua
1544 1389 1709 1452 nobis»,
1741 1389 1922 1438 nedum

493 1472 556 1520 ad
577 1473 827 1538 patienter,
854 1471 938 1519 sed
960 1471 1103 1519 etiam
1129 1470 1389 1535 gaudenter
1421 1480 1468 1517 et
1495 1469 1822 1534 aequanimiter
1849 1468 1923 1516 fe—

493 1550 700 1597 rendum
748 1565 822 1597 res
873 1558 1058 1596 nostras
1076 1585 1089 1610 ,
1140 1549 1265 1611 vulgi
1317 1548 1626 1595 aestimatione
1670 1545 1918 1610 adversas,

493 1627 788 1688 antidotum,
814 1628 902 1674 Dei
924 1627 1161 1692 aspirante
1184 1625 1536 1687 misericordia,
1566 1624 1867 1684 conficimus,
1895 1641 1923 1672 a

493 1720 591 1770 quo
617 1715 687 1752 est
707 1705 936 1770 patientia
958 1714 1137 1766 nostra,
1163 1714 1210 1751 et
1244 1704 1322 1751 cui
1351 1720 1462 1751 cum
1494 1712 1659 1750 sancto
1682 1702 1923 1767 psalmista

493 1783 709 1831 canimus
737 1800 747 1828 :
779 1802 802 1826 «
831 1785 901 1828 Tu
920 1798 970 1829 es
991 1781 1219 1847 patientia
1246 1796 1380 1843 mea,
1402 1791 1452 1827 tu
1477 1780 1712 1844 refugium
1731 1795 1917 1840 meum,

492 1870 545 1907 tu
563 1870 809 1926 susceptor
829 1876 964 1907 meus
982 1869 1030 1907 et
1046 1859 1274 1906 liberator
1295 1874 1447 1920 meus,
1466 1878 1488 1903 »
1511 1857 1646 1922 quod
1662 1857 1922 1906 involucris

492 1947 541 1984 et
570 1937 961 2003 perplexitatibus
996 1937 1362 1998 molestissimis,
1388 1935 1564 2000 quibus
1592 1935 1756 1983 irretiti
1781 1944 1921 1983 antea

493 2015 799 2077 tenebamur,
833 2016 1129 2063 infinitarum
1156 2031 1408 2063 causarum
1443 2024 1490 2061 et
1522 2014 1678 2061 litium
1714 2012 1921 2062 absoluti

493 2103 540 2141 et
574 2093 712 2142 liberi
743 2110 922 2142 sumus.
961 2096 1015 2140 In
1047 2093 1222 2158 quibus
1246 2102 1434 2158 quantae
1463 2091 1746 2140 incumbant
1768 2106 1920 2139 emer-

494 2183 701 2238 gantque
735 2173 900 2220 dietim
941 2173 1221 2234 anxietates,
1257 2171 1510 2232 molestiae,
1545 2169 1847 2217 difficultates
1875 2179 1921 2216 et

494 2268 642 2312 curae,
674 2251 749 2298 his
788 2251 1047 2316 praesertim
1090 2251 1172 2314 qui
1212 2250 1335 2297 tueri
1371 2248 1553 2296 habent
1585 2258 1632 2295 et
1667 2246 1922 2295 defendere

495 2329 781 2393 temporales
806 2338 853 2375 et
881 2328 1120 2393 praecipue
1143 2327 1479 2374 ecclesiasticas
1502 2324 1855 2389 jurisdictiones
1875 2334 1922 2371 et

495 2405 835 2468 immunitates,
860 2405 1076 2472 profecto
1097 2405 1150 2452 hi
1173 2405 1262 2452 soli
1283 2413 1480 2463 norunt,
1503 2419 1625 2467 quos
1643 2402 1920 2467 hujusmodi

495 2501 619 2532 curae
644 2495 787 2549 atque
811 2483 1155 2531 sollicitudines
1181 2482 1440 2547 aliquando
1462 2490 1734 2528 tenuerunt.

562 2565 615 2609 In
634 2562 736 2609 aliis
771 2561 1031 2609 Galliarum
1065 2560 1340 2625 provinciis,
1369 2560 1416 2606 in
1451 2558 1626 2623 quibus
1655 2573 1807 2606 causae
1836 2573 1923 2623 per

494 2639 864 2704 appellationem
907 2638 967 2686 ad
1011 2638 1193 2685 curiam
1231 2637 1517 2702 parlamenti
1566 2643 1797 2700 tanquam
1844 2651 1921 2682 su-

495 2735 716 2783 premum
758 2717 967 2764 tribunal
1012 2716 1317 2778 deferuntur,
1362 2717 1596 2782 perplexae
1639 2714 1835 2780 quidem
1875 2723 1922 2760 et

495 2795 709 2843 difficiles
728 2795 866 2844 valde
890 2795 1247 2861 plurimumque
1278 2795 1486 2843 molestae
1513 2801 1624 2841 sunt
1645 2791 1922 2857 hujusmodi
