2060 3392
353 315 431 353 ¹40
532 341 537 346 .
715 314 1060 353 nlsTomARUM
1089 312 1327 351 LUDOVICI
1352 314 1410 351 xl

350 402 596 450 exitialiter
617 401 974 468 premebantur,
999 401 1106 466 paci
1132 400 1434 467 libertatique
1455 419 1550 450 suae
1568 403 1768 455 restituti

351 479 560 528 fuissent.

416 558 555 621 Atqui
575 546 955 622 profecto-tantis
980 555 1122 604 bonis
1151 557 1239 622 ipsi
1273 557 1457 621 indigni
1488 567 1648 617 erant,
1679 574 1768 606 nec
1792 599 1795 602 .

349 634 516 698 dignas
547 635 656 682 satis
682 634 841 681 adhuc
865 649 1032 699 poenas
1054 635 1351 682 exsolverant
1377 650 1466 700 pro
1482 634 1768 683 malevolen-
1828 626 1832 630 ’

348 712 430 771 tia,
444 711 557 759 odio
571 720 712 776 atque
724 710 1141 771 exsecrationibus,
1152 723 1270 775 quas
1283 711 1508 760 adversus
1520 711 1766 778 praefatum

347 789 583 854 optimum
626 788 904 854 pontificem
943 789 1213 838 habuerant
1251 800 1393 854 atque
1437 800 1760 838 exercuerant.
1779 794 1781 796 ’

347 869 547 931 Propter
580 884 684 932 quae
709 867 884 915 scelera
911 878 959 915 et
986 867 1198 915 facinora
1225 887 1248 913 «
1272 867 1468 915 tradidit
1493 885 1577 916 eos
1602 867 1764 916 divina

340 944 519 1008 justitia
538 945 589 993 in
612 944 871 1010 reprobum
895 962 1103 1005 sensum,
1129 965 1152 988 »
1175 955 1222 992 et
1250 965 1274 991 «
1294 955 1476 994 mentes
1496 962 1666 994 eorum
1688 962 1766 993 ex-

345 1022 535 1069 caecavit
556 1022 725 1070 merito
756 1022 980 1087 nequitiae
1006 1038 1101 1070 suae
1116 1059 1129 1083 ‚
1161 1042 1184 1066 x
1209 1032 1262 1069 ut
1280 1039 1469 1086 aequum
1491 1032 1539 1069 et
1556 1022 1760 1086 justum,

345 1099 572 1163 quodque
597 1100 664 1147 eis
695 1100 994 1147 utilissimum
1024 1099 1164 1148 fuisse
1193 1099 1445 1162 debuerat,
1472 1100 1669 1148 minime
1693 1101 1762 1148 vi—

345 1175 457 1223 dere
478 1186 620 1241 atque
643 1194 899 1242 agnoscere
933 1187 1142 1243 possent.
1170 1177 1314 1235 Quod
1336 1194 1394 1223 ex
1416 1177 1634 1240 duobus,
1660 1194 1765 1242 quae

344 1264 458 1301 tunc
473 1271 562 1320 per
580 1272 663 1303 eos
685 1265 812 1319 gesta
837 1265 973 1315 sunt,
1002 1256 1260 1319 unicuique
1281 1256 1454 1303 intueri
1472 1256 1608 1310 licet„

412 1336 519 1381 Uno
535 1334 731 1399 quidem
751 1335 879 1398 quia,
907 1351 1018 1381 cum
1038 1343 1213 1381 trames
1235 1344 1390 1381 rectus
1406 1344 1452 1381 et
1467 1343 1656 1399 apertus
1674 1350 1764 1383 nec

343 1410 462 1458 alius
478 1421 593 1458 tunc
614 1412 704 1458 nisi
727 1411 805 1458 ille
826 1412 995 1458 unicus
1022 1412 1087 1459 eis
1107 1421 1305 1476 pateret,
1328 1410 1612 1476 [videbatur]
1631 1412 1763 1476 quod

343 1487 543 1536 domino
565 1499 612 1536 et
634 1489 813 1554 pastori
835 1506 921 1536 suo
943 1489 1175 1554 piissimO,
1201 1490 1284 1553 qui
1308 1489 1519 1554 paratior
1541 1499 1641 1537 erat
1662 1506 1765 1537 om·
1803 1515 1805 1518 ·

343 1567 523 1613 nemin
542 1583 592 1614 se
615 1566 846 1614 offensam
871 1566 1148 1615 condonare
1170 1583 1316 1631 quam
1351 1567 1440 1631 ipsi
1463 1576 1647 1631 petere,
1663 1583 1763 1615 sese

341 1643 673 1691 reconciliatos
699 1653 747 1690 et
777 1653 970 1708 pacatos
991 1659 1091 1690 esse
1111 1643 1372 1690 voluissent
1385 1678 1397 1702 ,
1423 1659 1653 1707 eumque,
1681 1653 1762 1691 ve-

340 1719 412 1767 lut
440 1721 636 1767 unicum
662 1736 756 1767 suae
791 1720 1079 1768 defensionis
1108 1737 1164 1768 ac
1199 1720 1427 1769 libertatis
1458 1719 1729 1786 praesidium
1744 1757 1757 1782 ,

340 1798 390 1844 in
429 1814 564 1846 suam
601 1797 838 1845 civitatem
884 1798 1184 1846 invexissent.
1222 1798 1316 1845 Sed
1356 1799 1595 1845 tramitem
1628 1796 1763 1844 illum

341 1875 603 1940 callemque
630 1886 812 1923 rectum
847 1885 894 1923 et
928 1875 1279 1941 paratissimum
1302 1892 1359 1923 ac
1391 1875 1667 1923 facillimum
1700 1874 1763 1922 ad

340 1969 508 2018 pacem
527 1970 662 2002 suam
682 1953 1024 2017 acquirendam
1037 1991 1049 2014 ,
1076 1969 1161 2001 sua
1183 1954 1363 2001 malitia
1385 1954 1585 2001 omnino
1616 1969 1763 2001 excae-

340 2031 456 2089 cati‚
484 2048 574 2099 nec
596 2031 850 2097 complecti
877 2047 966 2078 nec
999 2047 1256 2094 agnoscere
1277 2040 1560 2096 potuerant3
1595 2047 1762 2078 verum

339 2108 499 2173 potius
518 2109 607 2173 ipsi
627 2109 827 2156 omnino
851 2125 1069 2156 aversum
1092 2124 1121 2155 a
1142 2125 1227 2156 sua
1245 2109 1393 2156 salute
1416 2118 1463 2156 et
1481 2108 1638 2173 quiete
1656 2108 1761 2155 ani-

341 2203 498 2247 mum,
521 2186 650 2233 velut
668 2184 888 2233 homines
912 2185 1122 2232 frenetici
1141 2195 1188 2232 et
1205 2185 1465 2233 dementati
1475 2184 1755 2248 ,gerebant

342 2262 479 2309 Unde
502 2279 613 2310 cum
642 2262 692 2309 in
724 2279 781 2310 ea
798 2262 871 2312 ,sic
894 2261 1093 2308 collecta
1121 2262 1287 2326 populi
1303 2261 1607 2308 multitudine
1637 2278 1762 2308 unus

340 2342 413 2388 vir
448 2340 607 2388 bonus
635 2351 681 2388 et
708 2336 919 2406 prudens
952 2340 1257 2387 acclamasset
1283 2339 1414 2403 quod
1442 2348 1686 2403 oporteret
1713 2355 1762 2386 se

340 2419 467 2466 illico
505 2420 691 2466 mittere
722 2419 784 2466 ad
822 2435 961 2466 suum
994 2417 1272 2483 pontificem
1306 2417 1492 2480 aliquos
1517 2418 1615 2480 -qui
1649 2434 1761 2464 eum

341 2497 404 2544 ad
436 2498 676 2545 civitatem
715 2496 1036 2555 adducerent,
1077 2496 1233 2543 statim
1270 2512 1299 2542 a
1327 2494 1468 2543 turba
1502 2495 1762 2560 impiorum

341 2575 655 2623 acclamatum
690 2584 759 2622 est
807 2590 855 2621 se
894 2589 1142 2637 nunquam
1180 2573 1301 2620 velle
1350 2573 1506 2621 eidem
1544 2571 1761 2638 pontifici

341 2670 428 2701 suo
460 2663 508 2701 et
531 2652 733 2719 principi
755 2667 938 2716 parere,
971 2667 1060 2698 nec
1085 2650 1202 2698 ullas
1226 2651 1292 2698 eis
1315 2651 1388 2697 in¹
1414 2651 1641 2715 episcopo
1668 2651 1761 2717 Da·

395 2810 412 2845 1
425 2837 434 2847 .
463 2806 641 2860 Corrigez
661 2819 721 2843 eos
742 2818 838 2843 cum.
