2060 3392
679 324 825 361 LIBER
852 322 1053 360 PRIMUS.
1504 321 1581 358 303

226 419 284 463 Et
304 424 454 474 certe,
484 423 663 462 attenta
692 413 840 476 gratia
862 426 1009 475 quam
1038 420 1143 458 tum
1171 425 1266 475 prae
1294 411 1473 457 coeteris
1502 425 1585 457 au·

161 494 264 542 licis
284 492 415 560 apud
436 507 597 556 regem
620 491 890 548 invenerat,
918 497 966 536 et
980 524 993 547 ‚
1033 487 1263 535 universis
1290 487 1341 535 id
1363 496 1585 535 attestan-

162 570 316 630 tibuS,
341 568 575 628 habebat,
599 569 638 615 si
667 584 724 614 ex
752 566 847 614 fide
884 575 932 613 et
953 565 1159 613 fraterna
1178 564 1412 624 caritate,
1440 574 1493 611 ut
1513 564 1588 611 vir

162 646 322 696 bonus
341 657 388 695 et
405 648 701 695 interventor
721 644 891 703 fidelis,
921 659 1023 691 rem
1046 652 1259 691 nostram
1276 643 1460 706 egisset,
1485 659 1586 691 non

164 722 439 774 dubitamus
469 722 586 788 quin
610 722 733 786 regis
752 721 969 769 animum
988 756 1001 780 ,
1039 736 1185 784 quem
1205 721 1256 767 in
1277 721 1381 768 aliis
1409 721 1589 769 incom-

164 801 438 869 parabiliter
464 811 512 848 et
532 798 795 864 majoribus
822 808 870 846 et
895 797 1193 863 gravioribus
1216 799 1418 863 negotiis
1445 800 1590 847 emol-

163 880 301 929 lierat
337 888 386 928 et
418 879 480 927 ad
515 877 928 926 mansuetudinem
957 875 1205 924 inflexerat
1222 911 1236 935 ,
1270 877 1414 924 etiam
1450 877 1591 925 nobis

163 947 404 1025 plaoetum
425 967 568 1022 atque
590 955 882 1003 benevolum
911 953 1112 1002 reddere
1149 954 1378 1019 potuisset
1391 990 1404 1014 ‚
1445 954 1591 1019 idque

167 1036 356 1086 efficere
373 1045 427 1083 ut
440 1035 522 1083 tali
540 1034 705 1083 exsilio
726 1033 942 1081 mulctati
959 1032 1157 1080 minime
1179 1031 1442 1080 fuissemus.
1464 1035 1593 1080 Post-

169 1113 372 1162 modum
386 1129 519 1173 vero,
543 1128 655 1159 cum
671 1111 772 1177 ipse
792 1110 978 1174 majora
997 1109 1158 1156 fuisset
1173 1119 1428 1168 assecutus,
1447 1110 1594 1158 eccle-

169 1191 289 1240 siam
309 1190 488 1238 scilicet
516 1189 899 1252 Andegavensem
927 1197 974 1235 et
1008 1186 1327 1234 cardinalatus
1358 1187 1594 1251 fastigium

171 1283 283 1317 cum
301 1268 518 1334 pluribus
538 1265 796 1332 pinguibus
813 1264 1130 1325 commendis,
1154 1265 1416 1329 altioraque
1437 1265 1596 1313 adhuc

171 1345 401 1407 ambiret,
436 1345 686 1393 ecclesiam
712 1353 925 1391 nostram
942 1379 954 1402 ‚
982 1353 1212 1407 tanquam
1242 1359 1445 1408 parvum
1477 1344 1594 1408 quid

171 1423 237 1471 ad
266 1437 403 1470 suam
425 1421 792 1470 exsaturandam
817 1420 1128 1485 cupiditatem
1154 1420 1409 1467 valiturum
1424 1458 1437 1482 ‚
1475 1422 1594 1468 ulte-

174 1499 272 1547 rius
289 1516 379 1566 pro
401 1515 451 1547 se
468 1499 695 1565 prosequi
717 1497 894 1544 destitit
909 1507 958 1544 et
978 1498 1190 1544 cessavit.

241 1579 352 1624 Erat
395 1592 510 1624 vero
559 1586 663 1623 tum
703 1574 822 1622 alius
859 1574 1048 1639 juvenis
1094 1574 1293 1639 quidam
1330 1575 1391 1622 de
1436 1584 1599 1623 nostra

174 1653 407 1702 oriundus
439 1654 657 1712 dioecesi‚
699 1653 823 1700 inter
855 1652 1011 1716 regios
1044 1652 1264 1700 satellites
1297 1653 1360 1700 ad
1385 1653 1600 1718 corporis

176 1731 301 1820 regis
319 1731 517 1779 tutelam
543 1731 814 1796 deputatos,
835 1730 1045 1795 parentis
1063 1730 1134 1776 sui
1159 1731 1295 1795 impii
1318 1739 1365 1778 et
1388 1731 1600 1778 scelerati

178 1809 267 1856 viri
288 1809 499 1873 iniquior
511 1819 653 1872 atque
666 1807 875 1855 deterior
887 1807 1085 1872 proles&
1110 1809 1153 1854 Is
1166 1807 1355 1855 fratrem
1369 1807 1597 1868 habebat,

179 1905 326 1954 quem
356 1888 552 1936 modico
575 1897 684 1935 ante
710 1897 927 1951 tempore
960 1886 1186 1933 clericum
1214 1886 1542 1946 feceramus,
1524 1904 1602 1951 Ju-

180 1982 354 2015 venem
386 1965 533 2015 ferme
565 1966 667 2013 sine
697 1965 862 2012 litteris
878 2001 890 2023 ‚
925 1963 1009 2012 sed
1031 1965 1129 2011 vita
1157 1974 1204 2011 et
1232 1963 1447 2011 moribus
1481 1964 1603 2012 adeo

180 2059 268 2110 per
290 2043 454 2091 omnia
478 2042 706 2090 infamem
738 2051 881 2106 atque
902 2041 1203 2102 dissolutum,
1230 2041 1347 2088 dum
1379 2051 1489 2106 post
1516 2041 1605 2088 im·
1632 2046 1642 2052 ‘

180 2119 386 2187 puberes
408 2135 563 2168 annos
581 2130 630 2167 et
652 2120 856 2185 primam
884 2128 1131 2166 tonsuram
1154 2118 1421 2166 clericalem
1446 2119 1509 2166 ad
1533 2119 1605 2166 vi·

181 2198 320 2246 rilem
352 2207 606 2264 provectus
638 2197 799 2245 fuisset
822 2206 1025 2257 aetatem,
1066 2206 1118 2244 ut
1146 2211 1174 2243 a
1203 2196 1439 2261 plerisque
1476 2197 1606 2244 velut

182 2274 352 2323 stultus
373 2284 422 2323 et
450 2275 624 2323 mentis
655 2275 814 2340 impos
841 2283 983 2338 atque
1015 2274 1209 2321 insanus
1241 2273 1600 2323 existimaretur.

185 2354 326 2401 Hunc
364 2353 614 2401 satellitem
650 2369 732 2400 rex
762 2352 1064 2417 capitaneum
1100 2351 1161 2399 ad
1194 2352 1393 2399 civitatis
1435 2360 1606 2399 nostrae

244 2517 282 2556 1.
314 2516 347 2554 11
366 2516 477 2570 s'ngit
499 2516 550 2556 ici
578 2516 627 2555 de
655 2516 801 2556 Robert
826 2516 876 2556 de
905 2518 1140 2569 Mannoury,
1165 2516 1224 2555 fils
1249 2516 1298 2556 de
1324 2516 1541 2556 Guillaume
1560 2517 1607 2556 de

190 2585 420 2634 Mannoury‚
438 2581 619 2634 seigneur
637 2581 691 2621 du
707 2581 1096 2635 Mont-de-la-Vigne‚
1116 2593 1267 2620 comme
1287 2594 1387 2621 nous
1407 2581 1608 2632 l'apprend

192 2648 247 2683 La
264 2643 465 2694 Chesnaye
488 2643 554 2682 des
580 2643 669 2683 Bois
698 2656 747 2682 en
775 2657 845 2683 son
865 2647 1127 2682 Dictionnaire
1148 2646 1196 2681 de
1216 2647 1254 2681 la
1273 2644 1448 2682 noblesse.
1475 2646 1549 2681 Par
1572 2643 1608 2681 le

194 2706 281 2745 titre
307 2719 383 2757 que
406 2706 462 2744 lui
482 2705 610 2745 donne
639 2706 819 2755 vantem,
847 2707 874 2745 il
900 2708 980 2746 faut
1003 2706 1190 2746 entendre
1216 2707 1309 2758 qu'il
1337 2706 1460 2745 faisait
1486 2706 1609 2757 partie

194 2769 243 2808 de
264 2769 302 2807 la
318 2769 547 2821 compagnie
564 2768 632 2808 des
645 2779 732 2807 cent
747 2769 1059 2822 gentilshommes
1078 2769 1127 2808 de
1144 2769 1278 2807 l'hotel
1294 2767 1346 2807 du
1369 2768 1442 2818 roi,
1462 2769 1607 2808 ordon-

195 2832 264 2871 ne's
281 2845 381 2884 pour
398 2832 436 2871 la
452 2831 570 2884 garde
591 2830 641 2871 de
662 2844 732 2871 son
750 2845 877 2884 σοι-με.
