2060 3392
382 248 457 286 39‘1
662 308 665 315 Ι
805 252 963 289 INDEX
996 253 1360 291 CAPITULORUM.

377 358 587 415 Gna-runnu
602 392 652 415 x1.
669 398 717 408 -—
732 381 784 415 De
798 379 954 416 adventu
973 381 1220 427 Maximinum,
1237 381 1339 418 ducis
1353 383 1514 428 Anu-ia,
1532 384 1569 419 in
1590 347 1793 420 man-ssent

425 432 538 469 driam
548 428 565 478 ‚¹
575 442 609 469 et
623 434 727 470 variis
752 435 1049 471 incursationibus
1072 445 1107 472 et
1133 437 1422 485 populationibus
1439 451 1622 486 agrorum,
1640 441 1696 476 al-

424 497 582 526 ternante
602 491 745 527 fortuna
756 517 766 535 ,
785 504 850 539 per
870 492 1025 528 Francos
1043 501 1077 528 et
1093 493 1294 541 Flamingos
1308 494 1408 530 factis
1415 521 1688 534 ............
1742 498 1790 533 38

376 572 587 607 mmmm:
608 584 669 608 xn.
688 591 737 601 —
749 573 963 619 Quomodo,
981 587 1062 624 rege
1087 575 1271 612 exsistente
1290 576 1384 612 circa
1409 578 1634 623 Atrebatum,
1661 588 1697 615 et

421 627 512 664 duce
529 629 689 674 Ausa-im,
704 639 791 665 cum*
800 631 955 666 exercitu
969 631 1100 675 valido,
1118 632 1211 668 circa
1225 633 1343 669 villam
1360 633 1692 679 Pontis-Avendini,

421 684 566 720 fuerunt
589 685 681 721 inter
705 698 766 722 eos
786 687 880 723 inito
895 696 1039 736 treugae,
1056 688 1117 724 sed
1131 690 1221 724 male
1236 698 1378 725 servatae
1382 716 1690 727 ..............
1743 690 1790 726 42

374 770 585 806 Currum-
602 783 679 808 xm.
704 790 754 799 -
778 772 833 807 De
857 770 951 807 dieta
977 781 1104 808 statuta
1127 772 1175 808 ad
1191 772 1476 808 conveniendum
1497 772 1694 817 Cama-aci,

420 839 487 874 pro
507 839 594 874 pace
607 826 789 863 tractanda
799 854 809 872 ,
823 840 899 875 qum
916 828 1059 864 minime
1075 829 1256 864 observata
1275 829 1342 864 fuit
1345 855 1684 866 ...............
1738 831 1786 867 48

373 903 584 941 curruum
602 918 672 942 xxv.
692 926 742 935 —
758 906 953 951 Quomodo
968 919 1050 952 rex,
1067 920 1150 943 cum
1173 917 1311 955 treugas
1329 920 1405 944 non
1418 907 1552 944 videret
1576 907 1694 943 obser-

418 962 506 1005 vari,
525 962 617 997 misit
638 963 831 998 exercitum
853 963 891 999 in
908 964 1173 1011 Burgundiam5
1199 965 1261 1012 qui
1279 964 1358 1010 sibi,
1382 964 1545 1000 nondum
1568 973 1691 1001 exacto

417 1029 575 1068 tempore
604 1030 827 1069 treugarum,
853 1029 967 1058 totum
992 1022 1198 1058 comitatum
1221 1022 1436 1071 Burgundiae
1460 1022 1644 1071 acquisivit
1659 1031 1695 1062 et

417 1075 594 1124 oppidum
608 1078 759 1113 Dolense
779 1078 902 1114 evertit
909 1104 1687 1120 ..................................
1739 1079 1786 1115 50

370 1158 583 1195 Cur-mum
596 1173 655 1196 xv.
671 1179 720 1189 -
737 1162 789 1196 De
808 1162 933 1210 proelio
950 1160 1052 1197 ducis
1066 1162 1215 1198 Austria
1234 1170 1268 1197 et
1286 1162 1554 1210 Flamingorum
1568 1148 1692 1198 couti-nv

418 1214 572 1253 Fraflcos
588 1218 679 1270 inter
690 1218 875 1254 Morinum
889 1227 924 1255 et
936 1219 1102 1254 Hesdinch
1105 1244 1587 1256 .....................
1589 1264 1591 1267 ¹
1602 1244 1612 1256 .
1625 1245 1634 1258 .
1650 1245 1660 1255 .
1673 1245 1684 1255 .
1738 1220 1785 1256 54

368 1299 579 1336 Cum-unm
608 1313 682 1338 xvr.
714 1324 758 1332 —
782 1303 834 1337 De
857 1301 979 1350 praeda
1004 1314 1131 1350 magna
1156 1302 1248 1338 facta
1273 1315 1296 1338 a
1320 1301 1441 1350 piratis
1460 1301 1690 1338 Normnnniu

415 1369 520 1405 supra
541 1358 731 1406 piscatores
752 1358 926 1395 Flandriae
949 1368 983 1395 et
1002 1358 1201 1397 Hellandiae
1211 1387 1223 1405 ‚
1239 1369 1273 1396 et
1288 1359 1334 1396 de
1348 1359 1539 1409 asperrima
1551 1359 1686 1406 hieme,

413 1426 508 1449 anno
535 1427 754 1451 uccccnxxix
762 1442 1588 1454 ...................................
1595 1442 1611 1454 ,.
1625 1443 1635 1454 .
1648 1442 1658 1452 .
1672 1442 1682 1458 ,
1738 1418 1790 1454 58

367 1496 576 1533 Cari-mum
594 1510 681 1534 xvn.
696 1518 743 1525 ——
760 1500 811 1533 De
829 1499 927 1545 gravi
948 1498 1120 1534 seditione
1140 1506 1174 1534 et
1191 1499 1344 1534 tumultu
1362 1506 1486 1534 exorto
1503 1497 1689 1534 Florentio

413 1553 458 1588 ab
473 1554 529 1588 his
548 1554 594 1589 de
608 1554 739 1589 familia
764 1553 809 1588 de
834 1554 945 1589 Passis
959 1562 994 1588 et
1010 1554 1060 1589 eis
1077 1553 1353 1600 adhaerentibus,
1380 1553 1607 1603 ejusdemque
1627 1563 1686 1590 tu-

412 1611 542 1645 multus
555 1610 799 1659 pacificatione
807 1635 1680 1647 .....................................
1734 1610 1780 1645 6¹·

364 1695 577 1731 Cm-rumn
594 1707 693 1732 xvm.
707 1712 752 1720 —
765 1694 925 1739 Qualiter
948 1683 1059 1730 Turci
1080 1693 1284 1729 Odrontum
1297 1721 1307 1736 ,
1332 1693 1507 1729 civitatem
1525 1693 1684 1741 Apuliae,

409 1752 642 1800 popular-unt,
661 1759 695 1787 et
714 1749 898 1798 quomodo
918 1748 1002 1785 inde
1017 1748 1153 1798 depulsi
1170 1750 1312 1784 fuerunt
1315 1775 1680 1787 ................
1733 1749 1779 1784 87

362 1835 575 1871 Currum:
590 1846 663 1870 xxx.
681 1853 729 1861 —
745 1833 798 1868 De
824 1831 1040 1868 lamentabili
1059 1832 1163 1868 obitu
1191 1831 1336 1867 illustris
1361 1830 1516 1867 domina
1535 1831 1659 1868 Maria
1672 1858 1684 1878 ,

409 1891 490 1926 flliae
507 1890 620 1926 unicae
636 1890 767 1934 Caroli,
787 1887 1083 1938 Burgundionum
1098 1887 1211 1932 ducis,
1231 1887 1378 1924 ducisse
1394 1888 1542 1924 Austriae
1548 1914 1678 1925 ......
1734 1890 1775 1924 71

361 1975 575 2012 Culmum
591 1986 652 2011 xx.
668 1993 717 2002 —-
734 1973 787 2008 De
812 1972 959 2009 exordio
983 1971 1193 2020 gravissimas
1210 1970 1391 2007 seditionis
1412 1979 1518 2018 atque
1542 1970 1684 2006 calami-

408 2031 488 2067 tatis
500 2059 510 2078 ,
535 2044 613 2079 quae
643 2030 728 2066 inde
757 2030 889 2066 civitati
916 2028 1132 2077 Trajectensi
1158 2028 1347 2076 provenit;
1378 2035 1414 2064 et
1443 2027 1488 2062 de
1517 2026 1683 2075 captione

407 2087 534 2136 oppidi
550 2087 686 2134 Leidis,
705 2087 744 2123 in
761 2086 972 2131 Hollandia‚
988 2099 1053 2134 per
1067 2085 1202 2121 exsules
1215 2084 1438 2121 Hoeckenses
1450 2111 1459 2128 ‚
1476 2091 1512 2120 et
1525 2082 1682 2132 ejusdem

406 2145 672 2194 recuperatione
676 2166 1678 2183 ...........................................

360 2228 573 2265 ΟΔιηι-υιση
593 2241 667 2265 xxx.
684 2249 732 2256 —
750 2227 945 2272 Quomodo
973 2227 1139 2263 dominus
1167 2225 1213 2262 de
1241 2225 1430 2274 Egmuuda
1455 2224 1682 2261 Dordracum

406 2286 555 2333 subegit,
570 2285 834 2320 Hoeckensibus
843 2284 927 2320 inde
941 2284 1049 2332 pulsis
1061 2299 1070 2327 ς
1085 2293 1119 2319 et
1131 2282 1176 2318 de
1189 2282 1336 2318 decretis
1349 2290 1384 2318 et
1395 2281 1568 2317 mandatis
1580 2280 1681 2317 ducis

407 2342 554 2377 Austriae
570 2351 692 2377 contra
702 2343 940 2389 Trajectenses
947 2363 1674 2377 ...............................
1688 2387 1693 2390 .
1728 2339 1774 2372 77

1732 2141 1777 2176 '13

359 2428 568 2465 CArr’ruLnM
587 2438 670 2461 xxn.
689 2446 738 2453 —
753 2424 946 2470 Quomodo
966 2425 1205 2472 Trajectenses
1218 2451 1228 2464 ,
1251 2423 1288 2458 in
1312 2435 1417 2480 guum
1434 2421 1577 2456 rebelles
1593 2433 1681 2469 pon—

405 2482 534 2518 tificem
550 2510 559 2526 ‚
577 2482 812 2517 accersierunt
834 2481 1021 2516 dominum
1042 2480 1086 2515 de
1108 2481 1271 2526 Montfort
1290 2480 1326 2514 in
1345 2479 1519 2514 civitatem
1524 2503 1670 2514 .......
1726 2479 1773 2513 80

358 2569 571 2605 Curi-urm:
587 2578 685 2602 xxm.
706 2586 750 2592 -
766 2564 958 2609 Quomodo
973 2565 1214 2612 Trajectenses
1224 2589 1235 2608 ‚
1254 2563 1435 2612 cupientes
1459 2562 1679 2598 reconciliari

406 2638 470 2661 suo
479 2623 642 2672 pontifici
654 2627 690 2659 et
705 2622 788 2658 duci
798 2622 958 2666 Austriae,
968 2629 1188 2658 tentaverunt
1198 2622 1326 2668 pellere
1341 2620 1479 2656 civitate
1492 2619 1676 2655 dominum

407 2681 450 2717 de
466 2682 630 2727 Montfore
647 2688 682 2715 et
695 2679 880 2724 bannitos3
897 2677 996 2725 quod
1015 2677 1157 2713 minime
1175 2677 1312 2713 efficere
1327 2684 1520 2725 potuerunt
1524 2701 1670 2712 .......
1725 2676 1771 2709 86

359 2764 568 2800 cimmo-1
586 2775 682 2798 xxrv.
700 2782 746 2790 -
758 2760 952 2807 Quomodo
964 2760 1131 2796 dominus
1139 2760 1371 2808 Trajectensis
1385 2760 1503 2809 posuit
1514 2757 1675 2807 prasidio
