2060 3392
520 284 596 323 340
1078 248 1341 318 'APOLOGIA
1351 306 1362 325 ‚

518 368 570 415 in
591 366 793 432 patriam
817 375 864 413 et
889 367 1132 432 proximos
1160 366 1364 414 maxime
1386 374 1433 412 et
1449 364 1691 430 potissime
1713 363 1932 412 manifes-

518 453 661 506 tatur,
706 460 879 508 quam,
922 452 1037 490 teste
1076 443 1291 503 veritate,
1336 441 1565 505 majorem
1605 457 1749 488 nemo
1786 439 1933 489 habet

430 572 447 589 ·
517 537 662 586 quam
684 530 737 567 ut
758 521 968 570 animam
989 530 1139 586 ponat
1158 536 1248 585 pro
1273 519 1436 567 amicis
1458 519 1570 566 suis.

578 601 667 645 Pro
700 598 782 645 tali
815 598 956 661 igitur
986 597 1112 660 zelo,
1146 607 1193 644 et
1227 607 1281 644 ut
1309 597 1504 662 piorum
1533 604 1758 643 votorum
1787 603 1930 659 atque

510 675 856 724 desideriorum
899 676 1167 723 fructuosus
1209 684 1483 740 sequeretur
1519 674 1713 721 effectus
1725 708 1741 730 ,
1787 672 1929 720 etiam

507 764 783 802 constanter
813 770 990 801 munus
1028 753 1276 816 legationis
1313 769 1402 818 pro
1438 751 1632 817 praefato
1671 750 1793 814 regis
1825 766 1929 814 ger-

506 847 652 878 mano
683 831 849 896 (quem
882 847 965 878 rex
1001 830 1173 878 ducem
1212 830 1483 896 praefecerat
1512 828 1830 890 Normanniae,
1877 837 1930 874 ut

502 925 646 974 supra
672 910 958 968 retulimus¹‚
985 919 1031 956 et
1059 919 1113 956 ut
1134 909 1201 971 ei,
1230 919 1459 972 tanquam
1490 906 1679 955 sibimet
1709 916 1757 954 et
1782 906 1928 954 veluti

502 1003 671 1034 eorum
690 987 901 1050 legitimo
925 986 1053 1046 duci,
1071 996 1294 1052 parerent
1318 970 1543 1033 omnibus
1558 984 1928 1051 provincialibus

502 1063 838 1124 mandaverat,
876 1063 1071 1111 eosdem
1107 1062 1360 1112 absolvens
1389 1063 1451 1111 ab
1493 1063 1627 1110 omni
1656 1062 1927 1126 juramento

501 1140 707 1188 hominii
729 1151 777 1188 et
803 1140 1039 1188 fidelitatis
1057 1177 1069 1201 ‚
1098 1157 1204 1205 quae
1228 1140 1319 1188 sibi
1348 1149 1544 1206 perante
1577 1134 1925 1205 praestitissent)

501 1219 563 1267 ad
593 1220 796 1268 illustres
830 1219 1227 1284 Burgundionum
1257 1219 1519 1285 principes,
1548 1217 1825 1283 Philippum
1847 1233 1928 1283 pa-

500 1306 622 1344 trem
652 1307 699 1345 et
721 1298 822 1362 ejus
843 1296 996 1344 filium
1028 1297 1283 1359 Karolum,
1308 1296 1481 1344 ducem
1516 1295 1826 1357 modernum,
1851 1311 1924 1344 as-

499 1375 804 1439 sumpsimus.
853 1377 998 1439 Cujus
1039 1384 1265 1440 susceptae
1308 1374 1556 1438 legationis
1593 1373 1715 1441 >dum
1750 1389 1926 1421 munus

498 1452 691 1514 exsequi
730 1468 844 1499 cum
877 1452 1011 1499 omni
1036 1451 1131 1499 fide
1164 1467 1221 1499 ac
1254 1451 1498 1515 diligentia
1534 1466 1808 1499 curaremus
1821 1487 1834 1512 ,
1872 1460 1926 1498 ut

498 1543 642 1593 supra
661 1528 800 1576 latius
819 1529 1157 1590 narravimus¹,
1186 1545 1215 1576 a
1241 1545 1350 1592 rege
1381 1528 1511 1576 idem
1532 1545 1644 1575 suus
1673 1544 1926 1592 germanus

502 1593 795 1653 N'ormannia
819 1606 984 1671 pulsus
997 1615 1045 1653 et
1064 1606 1240 1669 ejectus
1262 1606 1374 1666 fuit;
1393 1616 1440 1653 et
1456 1604 1659 1653 subinde
1679 1622 1706 1653 e
1729 1606 1926 1669 vestigio

499 1692 667 1730 contra
707 1683 884 1730 multos
902 1719 915 1744 ,
953 1678 1041 1747 qui
1068 1683 1275 1731 fautores
1316 1683 1360 1731 ei
1398 1683 1672 1730 exstiterant
1716 1683 1791 1731 vel
1834 1699 1926 1731 ser·

498 1759 697 1819 vierant,
725 1760 858 1807 furor
877 1769 924 1807 et
941 1759 1099 1808 rabies
1122 1760 1465 1825 persecutionis
1484 1759 1748 1808 incanduit.
1766 1761 1924 1818 Quam

500 1846 625 1884 certe
647 1854 747 1884 non
764 1837 1004 1885 immerito
1020 1847 1302 1900 metuentes,
1327 1838 1545 1903 proprias
1561 1837 1695 1885 sedes
1712 1848 1924 1903 repetere

501 1914 784 1976 distulimus,
809 1915 966 1963 donec
987 1916 1185 1963 remisso
1214 1926 1262 1963 et
1285 1926 1550 1982 temperato
1575 1925 1833 1979 utcumque
1856 1917 1925 1964 fu-

501 2007 609 2039 rore
627 2029 639 2053 ,
665 1992 938 2040 securitates
962 2002 1009 2040 et
1036 1992 1323 2041 abolitiones
1351 1994 1649 2059 amplissimae
1671 1993 1835 2042 edictis
1852 2011 1924 2042 re-

503 2070 685 2133 galibus
704 2088 790 2136 per
810 2081 966 2119 totum
990 2089 1190 2135 regnum
1208 2072 1459 2138 publicatae
1481 2073 1774 2121 exstiterunt.

568 2149 661 2197 Ubi
674 2159 834 2197 autem
849 2149 1011 2197 sedem
1031 2151 1280 2215 ipsamque
1298 2151 1547 2198 ecclesiam
1562 2160 1774 2198 nostram
1787 2167 1922 2216 repe·

501 2235 600 2274 tere
625 2227 939 2286 decrevimus,
967 2227 1028 2274 de
1044 2227 1319 2292 hujusmodi
1343 2228 1501 2291 gratiis
1523 2237 1571 2274 et
1593 2227 1920 2276 securitatibus

501 2303 696 2365 confisi,
736 2320 826 2351 nec
865 2305 1108 2353 dioecesim
1148 2305 1358 2368 ingredi,
1403 2322 1492 2353 nec
1535 2305 1688 2352 ullum
1727 2306 1776 2352 in
1817 2316 1920 2355 toto

500 2396 647 2443 regno
681 2380 932 2429 latibulum
953 2382 1015 2429 ad
1042 2382 1339 2446 degendum,
1367 2383 1474 2430 ullis
1492 2373 1713 2447 precibus
1734 2393 1815 2431 aut
1843 2384 1918 2430 in-

501 2457 877 2505 terventionibus
899 2475 982 2505 seu
1003 2458 1235 2522 suffragiis
1255 2459 1520 2506 amicorum
1547 2460 1799 2524 impetrare
1829 2477 1918 2526 po-

500 2536 698 2595 tuimus;
726 2535 810 2582 sed
825 2535 1097 2596 violentias,
1130 2535 1391 2584 calumnias
1409 2546 1455 2583 et
1477 2535 1637 2599 dolos,
1661 2536 1722 2584 de
1744 2537 1918 2602 quibus

552 2705 591 2743 1.
622 2703 837 2751 Ci-dessus‚
862 2717 903 2756 p.
926 2706 1018 2742 261.

551 2769 589 2807 2.
622 2768 841 2816 Ci-dessus‚
864 2781 903 2820 p.
926 2770 1019 2807 271.
