2060 3392
567 276 642 311 12ss
930 271 1273 309 HISTORIARUM
1302 270 1539 308 LUDOVICI
1565 270 1620 306 XI

563 363 780 425 martyris
803 360 1056 425 coepissent
1086 357 1345 418 abstinere,
1374 375 1474 407 sese
1495 358 1547 406 in
1578 371 1729 404 unum
1761 363 1982 418 cogentes

561 438 718 504 stipati
739 449 1032 487 armatorum
1052 436 1356 486 multitudine
1377 437 1673 502 (plusquam,
1694 442 1747 481 ut
1772 430 1979 492 aiebant,

561 515 818 579 trecentis),
846 523 1143 562 accesserunt
1169 513 1234 562 ad
1258 514 1421 562 locum
1449 512 1759 579 capitularem
1790 508 1985 573 majoris

561 593 790 652 ecclesiae,
822 591 907 640 ubi
929 591 1177 641 universus
1194 591 1350 642 clerus
1387 601 1503 641 tunc
1525 589 1706 640 aderat.
1730 587 1843 647 Qui,
1884 596 1986 637 tm-

561 686 706 734 quam
751 669 1003 718 frementes
1030 668 1190 718 bestiae
1222 678 1270 717 et
1301 669 1466 718 leones
1506 667 1759 730 rugientes,
1801 664 1982 714 clerum

559 747 777 811 adjurare
789 757 939 812 -atque
965 746 1261 797 interminari
1284 756 1531 812 coeperunt
1548 745 1683 809 quod
1697 780 1712 803 ,
1738 742 1828 794 nisi
1855 742 1983 794 illico

559 831 692 877 sacra
707 864 719 888 ,
747 842 776 875 a
802 824 979 891 quihus
1009 841 1191 872 cessare
1223 825 1532 882 inchoarant,
1565 830 1910 872 reassumerent
1937 829 1985 867 et

558 913 925 967 exsequerentur
949 903 1089 952 solito
1109 918 1269 962 more,
1307 919 1476 952 omnes
1497 918 1580 950 eos
1601 900 1782 967 absque
1802 897 1982 949 miseri·

559 981 724 1029 cordia
740 981 1050 1046 perimerent,
1076 996 1339 1044 eorumque
1365 979 1538 1029 domos
1560 988 1607 1026 et
1626 973 1985 1027 bonaruthens

562 1058 663 1122 (qui
683 1069 799 1107 tunc
816 1058 1016 1109 accincti
1033 1058 1179 1106 armis
1190 1068 1237 1105 et
1251 1058 1405 1106 contis
1425 1057 1520 1106 suis
1536 1055 1737 1104 aderant
1753 1053 1816 1104 ad
1830 1052 1984 1104 caedes

557 1134 870 1200 perficiendas
887 1171 899 1195 ‚
944 1134 1102 1183 statim
1139 1144 1190 1182 ut
1224 1135 1291 1182 eis
1313 1135 1642 1199 imperaretur,
1676 1130 1848 1197 parati)
1871 1129 1984 1181 diri-

556 1212 754 1277 piendas
775 1213 1110 1262 contraderent
1138 1228 1195 1261 ao
1213 1211 1464 1261 donarent.
1500 1213 1611 1269 Quo
1633 1209 1743 1274 (nec
1782 1206 1982 1270 mirum)

556 1291 766 1354 percussi
783 1300 830 1338 et
840 1290 1048 1338 exterriti
1069 1299 1199 1337 metu
1212 1325 1226 1349 ,
1244 1289 1328 1353 qui
1348 1298 1475 1339 certe
1491 1287 1663 1338 merito
1687 1286 1739 1335 in
1761 1294 1983 1350 constan·-
2012 1351 2018 1356 ⁹

556 1367 789 1417 tissimum
807 1369 951 1418 etiam
971 1368 1128 1415 virum
1150 1366 1320 1416 cadere
1349 1360 1576 1431 potuisset
1593 1400 1605 1424 ,
1626 1363 1843 1414 videntes
1859 1363 1981 1428 peri-

555 1445 718 1495 culum
751 1463 853 1494 non
896 1445 1244 1500 comminatum
1289 1445 1340 1492 in
1382 1443 1593 1492 futurum
1606 1477 1620 1502 ,
1654 1441 1744 1490 sed
1779 1457 1983 1506 praesens

555 1522 718 1574 adesse
731 1560 744 1585 ,
778 1525 931 1591 coacti
965 1533 1099 1584 sunt,
1137 1521 1310 1571 talibus
1340 1522 1388 1570 vi
1421 1537 1477 1570 ac
1514 1529 1645 1575 metu
1676 1517 1978 1583 urgentibuS,

554 1601 716 1653 divina
752 1603 1018 1653 intermissa
1047 1617 1337 1651 reassumere
1367 1617 1457 1666 pro
1488 1610 1729 1664 tempore3
1754 1614 1784 1647 a
1807 1596 1983 1662 quibus

553 1691 715 1733 tamen
738 1682 898 1748 plures
924 1698 974 1733 se
1001 1680 1336 1749 absentarunt,
1365 1695 1452 1744 per
1479 1678 1599 1727 alios
1626 1677 1828 1742 minoris
1853 1692 1983 1728 reve-

554 1761 715 1807 rentiae
736 1757 1105 1827 hujuscehnodi]
1129 1757 1289 1806 officia
1312 1755 1478 1823 perfici
1503 1756 1727 1804 sinentes.

619 1840 743 1887 Sane
775 1848 968 1903 postea,
992 1837 1165 1887 ‘surore
1195 1846 1453 1901 utcumque
1496 1834 1762 1897 regentium
1797 1843 1979 1898 tempe-

554 1924 660 1964 rato
674 1953 688 1976 ‚
720 1915 772 1963 in
805 1914 1014 1963 ecclesiis
1035 1913 1166 1961 beati
1198 1912 1390 1962 Martini
1418 1921 1466 1960 et
1486 1911 1616 1961 beat-i
1637 1909 1862 1970 JoanniS,
1890 1908 1979 1960 sub

554 1993 758 2045 obtentu
803 1992 1086 2056 injuriarum
1130 2006 1249 2055 quas
1291 2006 1321 2038 a
1359 1990 1455 2038 suis
1494 1987 1759 2054 praepositis
1799 1985 1979 2036 eisdem

553 2070 780 2120 dicebant
796 2069 1014 2134 irrogari,
1028 2069 1091 2117 de
1103 2068 1368 2133 apostolico
1391 2066 1646 2119 interdicto
1667 2065 1976 2125 continentes,

553 2165 583 2196 a
604 2148 776 2197 divinis
798 2146 970 2195 officiis
991 2146 1180 2212 penitus
1204 2154 1438 2193 cessatum
1461 2154 1533 2192 est
1552 2146 1582 2203 ἢ.
1614 2141 1765 2203 Quod
1789 2157 1890 2190 non
1914 2141 1979 2191 ita

554 2227 605 2273 in
628 2224 944 2274 conventibus
971 2227 1189 2273 Fratrum
1217 2221 1592 2271 Mendicantium
1619 2230 1667 2271 et
1699 2219 1803 2270 aliis
1824 2218 1979 2270 eccle-

554 2303 633 2352 siis
667 2303 866 2351 civitatis
900 2301 1206 2351 observatum
1237 2299 1351 2360 fuit,
1381 2299 1466 2351 sed
1497 2299 1549 2348 in
1580 2299 1647 2347 eis
1670 2297 1814 2348 solito
1843 2313 1978 2348 more

555 2379 745 2431 fuerunt
765 2380 929 2430 divina
950 2379 1244 2428 continuata.

618 2461 873 2508 Tentarant
908 2467 955 2504 et
995 2457 1294 2520 magistratus
1333 2454 1536 2503 civitatis
1566 2454 1709 2504 etiam
1752 2453 1979 2504 inducere

607 2597 646 2634 1.
661 2594 876 2642 Matthaeus,
897 2594 991 2632 dans
1010 2606 1068 2631 ses
1086 2592 1345 2640 annotations,
1364 2605 1387 2630 a
1405 2591 1535 2647 publie
1551 2605 1604 2631 un
1618 2591 1779 2630 curieux
1796 2590 1980 2630 memoire

555 2661 577 2696 ὲ
602 2658 811 2705 consulter,
836 2671 911 2708 que
935 2657 972 2695 le
989 2657 1116 2708 clerge
1135 2656 1183 2694 de
1211 2669 1274 2695 ces
1293 2655 1396 2694 deux
1421 2655 1554 2707 egiises
1577 2656 1618 2693 fit
1636 2654 1787 2707 rediget·
1808 2655 1920 2707 apres
1942 2654 1978 2691 la

555 2722 708 2761 rentree
724 2720 774 2759 de
792 2720 817 2758 1
822 2721 995 2771 eveque,
1017 2732 1116 2771 pour
1135 2720 1262 2758 savoir
1279 2733 1311 2757 sa
1329 2719 1353 2757 l’
1357 2718 1513 2758 imerdit
1535 2718 1626 2756 etait
1644 2717 1759 2756 retire
1772 2718 1857 2768 ῲεο
1874 2718 1978 2768 sitem

555 2787 579 2824 ὲ
595 2797 711 2825 cause
726 2784 776 2823 de
793 2796 863 2823 son
883 2791 1028 2822 retour.
