2060 3392
460 264 509 298 80
824 260 1166 298 HISTORIARUM
1195 261 1433 300 LUDOVICI
1456 263 1512 300 XI

456 352 563 399 illos
590 351 825 416 praecipue
855 350 937 414 qui
972 348 1214 414 patrandae
1241 350 1423 414 injuriae
1452 352 1526 399 vel
1555 362 1772 401 auctores
1805 356 1879 404 vel

455 430 674 478 satellites
707 429 891 476 fuerant
906 465 918 489 ‚
957 444 1211 475 succensus
1224 466 1237 490 ‚
1278 429 1504 478 mandata
1542 440 1684 495 atque
1725 431 1879 482 edicta

455 507 605 555 edidit
624 545 637 569 ‚
662 524 747 572 per
775 523 880 571 quae
914 514 961 551 et
989 504 1307 568 Trajectenses
1323 543 1336 567 ‚
1364 507 1402 554 si
1432 507 1483 553 in
1513 507 1650 554 terris
1676 509 1776 557 suis
1798 509 1879 558 de-

454 584 880 650 prehenderentur,
906 591 953 629 et
973 598 1142 629 eorum
1166 583 1385 632 universa
1400 583 1532 633 bona
1547 623 1559 647 ‚
1585 584 1877 652 ubicumque

452 663 503 709 in
542 663 676 709 terris
709 678 764 709 ac
794 660 1020 708 dominiis
1059 661 1155 707 suis
1192 661 1534 722 invenirentur,
1571 662 1662 711 sub
1695 675 1875 713 arresto

452 750 760 806 ponerentur.
790 742 866 785 -Et
910 739 1067 804 primo
1110 739 1304 803 quidem
1341 750 1510 789 contra
1542 741 1875 805 hujuscemodi

450 829 699 866 censuram
715 826 763 864 et
781 824 986 876 arresta„
998 815 1037 863 si
1056 832 1191 863 mens
1211 833 1326 864 sana
1349 827 1395 864 et
1419 818 1674 866 consilium
1693 820 1874 884 Trajec-

450 894 662 943 tensibus
691 894 909 954 fuissent,
935 892 1071 940 facile
1096 893 1276 941 mederi
1304 905 1446 959 atque
1475 894 1670 943 obviare
1697 897 1873 961 potuis-

447 984 567 1021 sent.
592 971 931 1020 Consentiebat
951 972 1080 1019 enim
1095 972 1318 1038 princeps
1340 990 1539 1022 manum
1557 990 1695 1022 suam
1714 975 1871 1034 levare

446 1062 494 1099 et
531 1051 739 1098 relaxare
779 1065 1001 1097 censuras
1017 1087 1030 1111 ,
1075 1048 1165 1097 levi
1213 1050 1393 1098 mulcta
1427 1067 1456 1099 a
1494 1051 1869 1116 Trajectensibus

446 1144 536 1193 pro
567 1126 896 1188 satisfactione⁴
917 1125 1198 1189 injuriarum
1227 1125 1568 1191 dependenda,
1602 1127 1750 1175 modo
1777 1129 1867 1194 ipsi

446 1206 700 1253 dominum
726 1204 787 1252 de
814 1203 1129 1263 Monteforti²‚
1155 1203 1372 1264 militem,
1397 1214 1542 1270 atque
1567 1205 1752 1253 exsules
1773 1215 1867 1254 ter-

443 1300 605 1331 rarum
629 1299 822 1331 suarum
843 1280 1107 1329 Hollandiae
1126 1317 1139 1341 ‚
1165 1281 1351 1329 civitate
1383 1298 1468 1330 sua
1492 1282 1668 1347 pellere
1690 1282 1866 1332 voluis-

441 1370 563 1408 sent.
604 1363 737 1418 Quos
773 1359 954 1406 exsules
972 1395 984 1419 ‚
1026 1375 1081 1405 ex
1119 1359 1269 1423 pactis
1310 1358 1427 1406 olim
1459 1361 1708 1408 conventis
1742 1361 1866 1408 inter

441 1439 679 1505 principes
688 1435 951 1484 Hollandiae
966 1446 1014 1483 et
1027 1436 1130 1506 Traj
1136 1446 1363 1499 ectenses‚
1377 1435 1521 1502 [ipsi],
1538 1447 1591 1485 ut
1606 1437 1860 1501 ferebatur,

440 1518 491 1564 in
514 1533 600 1565 sua
620 1517 806 1564 civitate
827 1515 1030 1562 retinere
1053 1531 1154 1561 non
1176 1524 1414 1579 poterant.
1453 1515 1597 1574 Quod
1618 1533 1730 1564 eum
1749 1519 1862 1565 Tra·

435 1596 667 1660 jectenses
711 1594 907 1641 minime
947 1593 1100 1641 facere
1141 1603 1363 1640 curarent
1378 1631 1390 1655 ,
1437 1584 1667 1660 paulatim
1703 1613 1778 1644 res
1810 1596 1859 1643 in

440 1674 729 1738 asperiorem
753 1688 810 1720 ac
835 1671 1227 1737 periculosiorem
1250 1681 1423 1720 statum
1449 1689 1706 1737 progressae
1729 1683 1857 1722 sunt.

881 1842 1225 1906 CAPITULUM
1258 1861 1401 1905 xxn.

435 1998 629 2044 Quomodo
663 1998 904 2045 Trajectenses
917 2024 927 2038 ‚
967 1997 1004 2031 in
1044 2009 1149 2031 suum
1185 1997 1329 2032 rebelles
1360 1997 1566 2045 pontificem
1580 2026 1591 2044 ,
1623 1998 1858 2034 accersierunt

790 2053 978 2088 dominum
999 2052 1044 2088 de
1065 2054 1230 2098 Montsort
1244 2054 1282 2088 in
1300 2053 1488 2089 civitatem.

498 2174 750 2223 Habehaut
778 2183 892 2220 tunc
927 2171 1205 2238 pontificem
1247 2174 1564 2238 Trajectenses
1600 2174 1853 2224 dominum

430 2253 582 2301 David
607 2291 619 2314 ⁷
670 2252 728 2299 de
782 2250 1054 2315 Burgundia
1106 2251 1499 2314 cognominatum
1521 2290 1532 2311 ,
1588 2254 1853 2301 naturalem

430 2331 582 2379 fllium
615 2329 821 2394 Philippi
853 2328 993 2375 bonae
1020 2329 1262 2376 memoriae
1279 2366 1292 2390 ‚
1317 2329 1613 2377 illustrissimi
1637 2333 1851 2394 Burgun-

429 2409 517 2455 diae
539 2407 691 2465 ducis,
714 2416 762 2453 et
784 2406 975 2453 fratrem
992 2406 1257 2452 naturalem
1280 2407 1454 2468 Caroli,
1469 2406 1617 2473 felicis
1633 2408 1850 2456 recorda-

427 2486 586 2546 tioniS‚
607 2485 749 2531 etiam
772 2482 1053 2546 Burgundiae
1073 2483 1223 2530 ducis.
1243 2486 1348 2548 lpse
1363 2484 1519 2531 David
1534 2485 1698 2533 litteris
1720 2502 1848 2538 com-

426 2574 642 2629 petenter
669 2563 952 2623 instructus,
987 2571 1034 2608 et
1069 2561 1283 2608 humana
1307 2562 1561 2626 prudentia
1581 2601 1593 2625 ,
1621 2573 1669 2610 et
1700 2565 1847 2612 animi

426 2640 753 2705 magnitudine
777 2639 1041 2688 admodum
1063 2638 1280 2686 callebat.
1315 2640 1409 2697 Qui
1430 2657 1542 2688 cum
1569 2641 1846 2691 cathedram

481 2783 518 2819 1.
548 2783 569 2818 J
573 2792 659 2827 ean,
678 2777 871 2830 burgrave
891 2777 939 2815 de
957 2775 1188 2823 Montfoort,
1213 2776 1389 2828 seigneur
1407 2777 1455 2815 de
1474 2780 1713 2818 Purmerent.
