2060 3392
666 345 815 383 LIBER
841 345 1042 382 PRIMUS.
1489 343 1568 382 289

150 432 380 496 steterat),
401 442 664 480 -commota
693 431 792 481 bile
830 432 1116 496 cholet-aque
1150 431 1459 479 vehementer
1487 447 1565 479 ac-

151 523 294 556 censa
307 508 477 567 ‚·illico
499 510 723 557 nuntium
744 519 792 556 et
822 509 1071 574 epistolam
1101 507 1353 556 destinavit
1372 507 1436 556 ad
1458 525 1568 556 can-

151 586 395 634 cellarium
405 604 562 648 suum,
578 604 664 652 per
674 603 819 651 quam
829 604 940 635 eum
951 587 1276 635 vehementius
1283 603 1564 651 coarguens,

153 664 355 727 graviter
368 664 646 730 increpabat
663 680 750 712 cur
772 682 862 713 nos
874 665 1076 712 Turonis
1098 681 1260 712 secum
1277 664 1565 722 adduxisset,

153 750 202 789 et
221 757 322 789 non
344 741 503 806 potius
524 758 579 788 ex
610 742 841 802 Biturica,
881 740 1292 805 quemadmodum
1328 759 1377 789 se
1412 741 1568 788 eidem

153 819 407 884 imperasse
437 818 594 867 aiebat
613 856 627 880 ,
656 836 745 867 nos
776 819 1085 885 expedivisset
1106 829 1155 866 et
1174 819 1236 867 ad
1266 819 1571 884 proficiscen-

154 896 273 944 dum
312 898 616 962 compulisset
650 915 661 942 ε
694 897 928 945 mandans
963 898 1007 945 ei
1047 897 1301 945 districtius
1339 907 1573 962 quatenus

155 972 322 1034 nobiS‚
351 973 535 1038 absque
558 975 782 1022 ulteriore
804 974 1054 1035 dilatione,
1080 984 1370 1041 praeceptum
1401 975 1576 1023 faceret

156 1060 210 1099 ut
235 1047 363 1099 illico
385 1052 447 1099 ad
468 1051 758 1100 destinatum
781 1051 921 1099 nobis
947 1052 1078 1118 apud
1100 1053 1441 1118 perpinianum
1461 1052 1578 1099 exsi-

154 1130 273 1179 lium
294 1147 598 1197 pergeremus
614 1167 627 1191 ,
654 1140 795 1194 atque
824 1130 932 1192 illo',
961 1140 1143 1194 quanto
1165 1130 1397 1178 maturius
1418 1145 1578 1194 posse-

157 1226 290 1271 mus,
317 1208 639 1257 tenderemus.

223 1288 382 1344 Quam
411 1286 663 1351 epistolam
690 1303 803 1333 cum
828 1303 963 1351 paene
997 1302 1054 1334 ea
1083 1287 1204 1333 hora
1220 1324 1232 1348 ,
1260 1302 1356 1350 qua
1378 1286 1583 1333 Turonis

157 1364 538 1429 applicueramus
550 1401 563 1425 ,
585 1364 893 1411 cancellarius
908 1365 1008 1429 ipse
1032 1365 1299 1429 recepisset,
1312 1373 1372 1432 ‚et
1393 1364 1550 1411 statim
1564 1400 1578 1424 ,

159 1442 228 1489 uti
248 1457 337 1507 par
350 1451 469 1502 erat,
491 1451 746 1506 postquam
764 1441 824 1488 de
846 1442 976 1489 mula
997 1441 1414 1503 descenderamus,
1435 1442 1582 1507 ipsius

158 1522 395 1571 salutandi
423 1523 572 1586 gratia
592 1521 795 1569 domum
818 1522 919 1586 ejus
940 1523 1262 1584 intrassemus,
1288 1522 1430 1569 nobis
1452 1521 1584 1569 exhi-

157 1599 264 1647 buit
284 1608 332 1647 et
353 1599 585 1660 ostendit,
619 1599 834 1664 profecto
858 1617 908 1647 se
930 1616 959 1647 a
979 1600 1203 1664 lacrymis
1233 1600 1430 1646 minime
1465 1616 1584 1646 con·

159 1679 309 1726 tinere
330 1679 510 1738 valens,
533 1694 651 1743 quas
667 1695 722 1725 ex
740 1679 841 1742 ejus
856 1679 1007 1725 oculis
1022 1678 1232 1726 defluere
1251 1678 1342 1742 ipsi
1355 1677 1580 1724 vidimus.

159 1755 347 1804 Sciebat
382 1756 512 1803 enim
549 1765 596 1802 et
620 1756 752 1818 longi
782 1755 1010 1820 temporis
1039 1755 1331 1819 experientia
1353 1753 1587 1801 didicerat
1611 1812 1614 1813 ⁷

160 1849 306 1898 quam
322 1833 559 1880 sincerum
575 1833 731 1880 zelum
752 1833 815 1880 ad
835 1849 936 1879 rem
949 1832 1192 1898 publicam
1214 1841 1262 1879 et
1278 1832 1466 1896 justitia:
1487 1831 1587 1878 cul·

161 1920 263 1958 tum
299 1909 612 1969 haberemus3
644 1910 780 1974 cujus
813 1926 903 1956 nec
934 1919 1211 1957 nostrorum
1243 1919 1440 1974 perante
1466 1925 1585 1972 qua-

160 1987 487 2052 liumcumque
518 1988 568 2034 in
601 2004 703 2035 rem
736 1985 979 2052 publicam
1014 1987 1319 2046 meritorum,
1365 2002 1454 2033 nec
1495 1986 1586 2032 vir·

162 2066 275 2115 tutis
302 2082 387 2114 seu
411 2065 654 2129 dignitatis
677 2073 944 2130 respectum
972 2064 1214 2112 observari
1243 2063 1433 2111 videbat
1446 2099 1459 2124 ,
1500 2063 1585 2111 sed

164 2159 253 2192 nec
275 2143 617 2209 promissarum
633 2143 683 2190 in
704 2143 802 2190 vim
821 2142 989 2206 regalis
1006 2141 1151 2189 edicti
1172 2141 1477 2189 securitatum
1498 2157 1585 2205 pu-

162 2218 444 2269 blicatarum
471 2220 618 2268 fidem
643 2220 842 2268 attendi.
878 2223 1028 2267 Porro
1062 2236 1175 2267 cum
1199 2219 1353 2284 ipsam
1383 2218 1583 2284 praedic-

165 2307 262 2347 tam
286 2298 409 2362 regis
429 2298 679 2364 epistolam
704 2298 863 2345 furore
898 2298 1061 2362 utique
1095 2307 1142 2344 et
1172 2296 1366 2344 cholera
1387 2297 1581 2361 plenam

164 2374 460 2439 legissemus,
491 2375 812 2439 eumdemque
840 2375 1078 2440 optimum
1105 2373 1441 2421 cancellarium
1474 2373 1582 2420 scis-

165 2453 417 2501 citaremur
444 2454 484 2501 si
508 2470 569 2500 ne
594 2453 754 2501 adhuc
781 2452 1079 2518 interpellare
1109 2469 1269 2516 regem
1301 2451 1582 2499 deberemus

167 2547 255 2596 pro
278 2531 609 2579 constituenda
634 2531 799 2593 nobis,
814 2542 816 2544 ’
831 2530 1242 2595 quemadmodum
1274 2530 1424 2578 suerat
1447 2528 1583 2595 polli-

167 2608 309 2670 citus,
334 2609 591 2674 pensione,
616 2609 818 2656 omnino
851 2608 900 2655 id
930 2625 1020 2656 nos
1053 2608 1204 2656 Facere
1235 2607 1480 2667 dissuasit,
1512 2606 1583 2652 in-

168 2686 352 2750 quiens,
375 2686 413 2732 si
426 2685 548 2733 ultra
562 2685 797 2751 proficisci
809 2686 1124 2747 differremus,
1144 2702 1375 2749 magnum
1386 2683 1582 2731 exitium

168 2761 498 2823 verisimiliter,
532 2771 710 2810 attenta
733 2763 942 2828 epistolae
967 2763 1103 2826 regiae
1125 2762 1403 2822 acerbitate,
1443 2758 1583 2806 nobis

170 2854 307 2903 posse
341 2839 625 2904 importare3
653 2839 915 2888 consultius
934 2856 1050 2887 vero
1083 2839 1183 2887 fore
1196 2876 1209 2900 ,
1237 2849 1285 2886 et
1317 2837 1450 2902 quod
1492 2836 1593 2900 ipse

303 2931 352 2955 ιιι
1321 2918 1370 2953 19
