2060 3392
552 586 780 646 INDEX
823 585 1363 646 CAPITULORUM

243 750 286 776 11
304 750 386 782 QUAE
410 750 654 777 mensumn
680 750 933 778 msronulmn
956 751 1138 776 Lunovml
1164 751 1206 776 xt
1229 752 1331 777 muln
1354 753 1431 778 DUO
1456 753 1651 778 posumu-

773 914 911 951 LIBER
937 915 1132 952 SEXTUS.

243 1030 456 1072 CArrruLmt
476 1048 632 1072 rum.
652 1056 701 1065 —-
716 1036 824 1082 Quod
854 1050 928 1072 non
954 1038 1081 1082 luctus,
1104 1037 1165 1074 sed
1189 1038 1307 1074 laetitia
1336 1039 1373 1074 in
1401 998 1657 1074 fflndriavmn

290 1100 326 1127 et
344 1092 534 1128 Brabamia
554 1093 620 1127 fuit
637 1091 682 1127 de
699 1101 811 1128 morte
825 1093 957 1137 Caroli,
973 1094 1143 1142 principis
1156 1094 1230 1139 sui;
1248 1103 1282 1129 et
1300 1093 1344 1128 de
1357 1094 1564 1129 tumultibus

291 1161 334 1185 ac
357 1147 588 1185 seditionibus
613 1150 841 1197 popularium
859 1150 973 1185 statim
995 1159 1076 1198 post
1092 1150 1284 1186 subsecutis
1288 1175 1556 1187 ...........
1638 1152 1653 1185 1

244 1229 457 1266 curuum!
472 1243 513 1268 Π.
531 1251 579 1258 -
593 1231 751 1276 Qualiter
771 1244 832 1267 rex
858 1232 973 1268 statim
989 1232 1175 1280 occupavit
1196 1240 1305 1268 terras
1318 1232 1486 1280 plurimas
1500 1231 1562 1266 Pi-

292 1286 438 1332 curdi23
457 1296 493 1323 et
512 1287 745 1336 delegatione
758 1289 805 1325 ad
823 1302 906 1325 eum
924 1289 1027 1325 missa
1045 1302 1089 1324 ex
1102 1288 1276 1326 Gandavo
1284 1315 1389 1325 .....
1389 1304 1392 1305 ’
1403 1314 1557 1325 .......
1634 1289 1657 1322 4

245 1371 458 1407 (ἵπποι
474 1384 529 1409 111.
542 1392 589 1399 —
607 1371 800 1416 Quomodo
820 1381 855 1408 et
869 1385 939 1420 qua
962 1372 1007 1407 de
1022 1385 1144 1416 causa,
1163 1372 1311 1408 revenis
1329 1371 1450 1419 legatis
1461 1399 1470 1415 ‚
1497 1384 1563 1406 no-

290 1427 433 1463 luerunt
459 1427 575 1463 Status
596 1427 858 1472 maath-iarum,
875 1429 1012 1464 collecti
1028 1428 1125 1476 apud
1139 1428 1367 1471 Gandavum,
1382 1426 1564 1462 intendere

290 1483 339 1519 ad
358 1496 400 1520 ea
415 1496 493 1531 qun
513 1497 576 1520 rex
598 1485 798 1533 postulabat
804 1509 1560 1522 ................................
1638 1484 1661 1518 9

244 1567 456 1604 mnu-mma
478 1580 529 1606 tv.
546 1588 594 1596 —
611 1570 664 1603 De
682 1567 976 1603 condemnatione
999 1575 1034 1602 et
1055 1567 1229 1615 supplicio
1250 1575 1392 1615 sumpto
1411 1565 1456 1602 de
1470 1579 1558 1602 can-

292 1623 434 1660 oelluio
449 1623 550 1660 ducis
564 1623 722 1660 defuncti
736 1633 771 1660 et
784 1624 932 1659 domino
948 1623 994 1660 de
1010 1624 1245 1658 number-court
1248 1649 1558 1660 ..............
1614 1625 1653 1658 11

246 1708 456 1753 Carnutum
479 1720 515 1743 v.
531 1726 581 1734 —
595 1708 648 1742 De
674 1706 765 1742 duce
794 1707 964 1752 Clivensi‚
995 1706 1083 1753 quid
1112 1705 1275 1741 Gandavi
1295 1714 1435 1754 ageret3
1463 1714 1498 1741 et
1519 1705 1565 1741 de

292 1764 466 1812 legatione
481 1763 572 1811 regis
590 1762 637 1798 ad
656 1762 901 1811 principissam
913 1789 923 1806 ,
942 1771 976 1797 et
991 1763 1059 1797 alia
1073 1762 1248 1810 legatione
1263 1762 1367 1798 missa
1383 1761 1502 1797 denuo
1522 1774 1565 1796 ex

293 1836 393 1876 parte
403 1828 617 1877 principissa
629 1836 662 1863 et
679 1839 824 1863 suorum
841 1826 888 1862 ad
904 1839 1022 1875 regem
1028 1852 1558 1863 .......................
1616 1827 1660 1861 ¹5

246 1910 458 1947 carmon
480 1923 529 1948 π.
548 1930 598 1938 —-
611 1911 663 1945 De
679 1910 852 1958 legatione
871 1910 1094 1958 imperatoris
1108 1909 1286 1946 Frederici
1300 1910 1404 1946 missa
1426 1909 1566 1947 Ganda-

293 1980 378 2003 vum
390 1993 401 2011 ,
432 1975 467 2002 et
493 1966 544 2013 ⁴de
578 1967 806 2002 matrimonio
840 1967 932 2002 inter
966 1967 1211 2015 principissam
1225 1993 1235 2010 ,
1265 1975 1471 2014 presentem
1485 1993 1496 2010 ,
1530 1974 1565 2001 et

292 2023 575 2059 Maximilianum
586 2049 597 2067 ‚
618 2035 684 2071 per
698 2023 891 2070 legitimum
905 2031 1171 2071 procuratorem
1183 2049 1194 2070 ,
1212 2035 1277 2070 per
1294 2023 1399 2059 verba
1413 2022 1459 2058 de
1472 2035 1564 2071 prae-

295 2080 383 2116 senti
400 2088 581 2116 contracto
589 2105 1560 2117 .........................................
1616 2080 1660 2114 19

247 2163 460 2200 munzun
476 2176 539 2199 vn.
555 2182 604 2190 —
617 2162 811 2207 Quomodo
828 2175 890 2198 rex
906 2161 1077 2198 ducatum
1092 2161 1306 2210 Burgundiae
1323 2162 1454 2209 absque
1470 2162 1565 2197 bello

294 2219 478 2266 acquisivit
491 2247 501 2263 ,
522 2227 555 2255 et
571 2218 616 2255 de
631 2219 746 2267 prima
761 2219 947 2254 obsidione
970 2219 1114 2254 Dolensi
1121 2243 1560 2254 ...................
1614 2218 1659 2252 22

247 2303 459 2340 Curi-uum
478 2316 555 2339 vm.
575 2323 624 2331 —
639 2302 832 2348 Quomodo
858 2303 1064 2339 Atrebatum
1086 2314 1148 2337 rex
1178 2301 1286 2337 armis
1305 2300 1489 2348 acquisivit
1503 2328 1513 2345 ,
1534 2309 1568 2336 et

293 2361 523 2397 cameracum
537 2368 663 2408 sponte
683 2372 719 2395 se
737 2359 835 2395 dedit
839 2383 1562 2396 ...............................
1617 2358 1662 2391 26

248 2445 458 2480 Cunnum
477 2456 526 2479 tx.
544 2463 593 2471 —
607 2444 659 2479 De
686 2442 946 2491 &pugnatione
970 2441 1096 2491 oppidi
1115 2446 1279 2485 Avesnes,
1299 2440 1400 2476 ducis
1418 2439 1571 2476 Geldriae

295 2498 390 2535 code
400 2527 410 2545 ,
427 2509 462 2535 et
478 2500 651 2536 exercitus
666 2499 930 2547 Flamingorum
950 2498 1198 2547 profligatione
1213 2506 1248 2533 et
1263 2497 1493 2545 dispersione.
1504 2523 1513 2532 .
1529 2522 1537 2531 .
1553 2522 1561 2531 .
1616 2497 1656 2530 31

248 2582 460 2619 Curi-uum
475 2596 510 2619 x.
530 2603 577 2612 —
596 2582 793 2619 Admiratio
816 2595 881 2619 cur
908 2595 983 2618 non
1006 2581 1111 2617 fuerit
1137 2581 1237 2617 aliter
1260 2580 1326 2615 sibi
1355 2578 1569 2615 arridentem

267 2675 272 2679 ,
297 2639 475 2675 fortunam
490 2648 695 2687 prosecutus
706 2666 715 2684 ,
732 2648 812 2675 ante
830 2638 1021 2675 adventum
1040 2637 1291 2680 Maximssiaui,
1313 2635 1373 2672 sed
1390 2649 1410 2671 a
1424 2635 1569 2670 feliciter

297 2708 318 2731 a
332 2707 369 2730 se
388 2695 507 2743 coeptis
522 2694 704 2739 destiterit,
721 2694 970 2731 tantummodo
984 2693 1195 2741 quibusdam
1214 2692 1511 2728 incursationibus
1534 2698 1568 2725 et

297 2763 463 2798 agrorum
482 2750 773 2799 populationibus
792 2763 857 2798 per
880 2762 963 2786 suos
979 2750 1120 2786 interim
1139 2749 1239 2784 factis
1243 2771 1561 2786 ..............
1616 2746 1663 2779 35
