2060 3392
446 307 522 344 168
818 305 1160 343 HISTORIARUM
1185 306 1421 345 LUDOVICI
1449 309 1504 346 XI

445 394 705 459 equitandi.
733 397 850 441 Nam
871 393 1203 442 venationibus
1226 404 1350 443 totus
1370 412 1504 461 paene
1524 397 1711 446 deditus
1731 410 1855 461 erat3

446 473 682 537 totiusque
697 472 836 536 [regni
859 472 930 519 sui
946 489 1170 537 proceres
1195 473 1526 538 hujuscemodi
1551 477 1860 526 venationum

443 549 672 605 exercitiis
693 559 740 597 et
758 546 1151 613 recreationibus,
1176 567 1234 599 ex
1252 551 1547 601 insaturabili
1570 564 1617 601 et
1637 553 1863 605 effrenata

443 627 688 690 aviditate,
717 627 882 675 edictis
905 628 1000 676 suis
1032 645 1132 676 non
1155 629 1244 676 sub
1271 630 1456 678 minore
1481 648 1681 680 censura
1706 649 1864 697 quam

443 711 793 759 confiscationis
814 713 1028 777 corporis
1049 723 1095 760 et
1116 712 1360 760 bonorum
1379 715 1648 764 removerat
1662 719 1692 774 ¹,
1720 711 1865 782 prout

443 790 490 836 in
524 787 846 853 superioribus
875 789 1018 837 etiam
1049 790 1260 837 retulisse
1283 791 1586 840 meminimus
1603 795 1633 840 ¹,
1656 793 1728 842 Ad
1753 787 1864 842 ulti-

444 882 578 914 mum
595 882 710 912 vero
724 902 737 927 ,
766 882 877 912 cum
897 865 997 929 jam
1025 882 1114 914 nec
1137 866 1346 932 pedibus
1361 868 1605 918 ambulare
1627 887 1718 918 nec
1738 887 1864 936 equo

447 944 619 991 vectari
640 952 823 1008 posset,
850 943 902 989 in
925 959 1113 991 camera
1136 945 1186 991 in
1209 961 1304 1010 qua
1325 956 1425 994 erat
1450 937 1652 996 faciebat
1670 942 1798 996 ratos
1819 959 1867 997 et

444 1038 601 1069 mures
628 1021 763 1068 vivos
783 1020 956 1083 afferri,
985 1032 1032 1069 et
1053 1022 1384 1086 hujuscemodi
1409 1025 1624 1074 sordidas
1644 1026 1867 1075 bestiolas

445 1115 530 1164 per
555 1115 713 1159 canes,
735 1115 856 1163 quos
873 1099 1205 1163 hujuscemodi
1223 1117 1364 1150 causa
1379 1104 1586 1151 exercitii
1608 1103 1864 1164 nutriebat,

446 1178 607 1225 venari
627 1193 790 1224 coram
812 1194 862 1224 se
881 1178 910 1224 ³.
1584 1242 1587 1246 Ι

512 1255 657 1318 Cujus
693 1256 836 1303 etiam
855 1256 922 1303 rei
961 1257 1135 1319 gratia,
1170 1274 1271 1305 rem
1296 1259 1619 1315 stultissimam
1650 1269 1698 1307 et
1737 1277 1864 1324 quae,

447 1343 625 1397 quanta
657 1343 776 1380 esset
807 1334 1007 1396 gravitas
1038 1344 1083 1381 et
1101 1336 1332 1400 sapientia
1352 1337 1562 1384 hominis
1585 1337 1744 1402 palam
1765 1354 1870 1385 om-

449 1411 590 1458 nibus
616 1410 823 1471 faceret,
873 1411 973 1459 fieri
1011 1412 1162 1475 jussit.
1210 1414 1332 1462 Misit
1367 1415 1497 1462 enim
1523 1412 1873 1464 commissarios

449 1489 511 1535 ad
535 1488 703 1536 urbem
725 1489 1156 1554 Rothomagensem
1178 1501 1225 1538 et
1245 1491 1337 1539 alia
1362 1493 1567 1556 plurima
1585 1493 1716 1556 regni
1738 1494 1868 1554 loca,

451 1565 533 1629 qui
553 1582 611 1612 ex
641 1566 787 1631 ipsius
811 1567 1089 1614 auctoritate
1109 1566 1333 1630 juberent
1359 1568 1447 1615 sub
1470 1585 1613 1634 poena
1631 1569 1873 1619 confisca-

454 1643 595 1689 tionis
618 1643 833 1708 corporis
857 1653 904 1690 et
923 1643 1167 1690 bonorum
1197 1653 1250 1690 ut
1273 1660 1440 1692 omnes
1472 1661 1638 1707 canes,
1667 1647 1802 1711 parvi
1827 1657 1875 1694 et

453 1721 640 1784 magni,
679 1721 740 1768 ad
762 1737 908 1768 unam
932 1710 1138 1786 plateam
1165 1721 1467 1769 ducerentur.
1508 1723 1696 1781 Quibus
1725 1725 1793 1771 sic
1823 1725 1874 1771 in

452 1815 605 1845 unum
640 1799 874 1859 collectis,
908 1815 1030 1863 quos
1058 1799 1287 1846 ducerent
1317 1800 1583 1864 eligendos,
1621 1800 1685 1848 ad
1716 1817 1876 1863 regem

455 1878 503 1924 in
551 1878 758 1924 carrucis
800 1887 848 1924 et
890 1877 1119 1925 vehiculis
1155 1877 1323 1940 ligatos
1337 1880 1350 1903 ⁴
1393 1878 1643 1941 veherent,
1692 1878 1875 1945 praefati

455 1956 662 2002 exercitii
708 1955 780 2001 sui
813 1970 982 2015 causa,
1022 1964 1075 2001 ut
1111 1956 1343 2020 praedictae
1378 1964 1476 2006 tam
1507 1956 1703 2020 insignis
1733 1972 1877 2004 vena-

456 2033 598 2079 tionis
621 2033 862 2097 voluptate
884 2033 1132 2098 potiretur.
1160 2033 1415 2097 Simileque
1440 2033 1803 2098 quodammodo
1825 2034 1876 2080 in

456 2111 551 2158 hoc
579 2111 781 2158 faciebat
805 2110 1208 2168 oblectamentum
1234 2112 1509 2159 Domitiano
1533 2113 1701 2160 Caesari
1716 2149 1729 2174 ,
1765 2113 1872 2176 qui,

457 2199 509 2235 ut
541 2188 840 2252 Tranquillus
875 2188 1038 2248 refert,
1077 2188 1195 2235 dum
1234 2189 1283 2236 in
1324 2199 1505 2236 secreto
1547 2188 1754 2236 cubiculi
1792 2206 1878 2254 per

457 2267 609 2312 otium
630 2275 797 2326 staret,
821 2264 944 2312 facto
977 2265 1166 2313 flabello
1200 2275 1246 2312 et
1271 2281 1456 2314 muscas
1485 2266 1760 2327 medendo⁶,
1794 2283 1876 2313 vo-

454 2344 684 2408 luptatem
707 2343 984 2407 accipiebat.

510 2444 548 2481 1.
579 2444 818 2480 Pet-moverat
834 2440 929 2478 dans
952 2440 988 2478 le
1007 2454 1078 2478 ms.

507 2506 547 2543 2.
579 2506 697 2543 'rome
715 2506 774 2550 ΙΙ,
797 2516 838 2554 p.
861 2505 927 2541 73.
1060 2498 1062 2502 ’

509 2569 547 2606 3.
576 2569 682 2607 Dans
707 2566 743 2604 le
771 2565 930 2617 registre
953 2567 993 2603 K
1016 2567 1093 2604 298
1115 2566 1180 2604 des
1205 2566 1390 2606 Archives
1417 2567 1464 2606 de
1491 2568 1694 2620 l'Empire,
1721 2581 1772 2607 on
1797 2562 1897 2607 voit'

453 2632 587 2683 portee
616 2629 739 2682 parmi
763 2629 818 2667 les
843 2628 1029 2680 depenses
1059 2628 1108 2667 de
1137 2630 1252 2668 Louis
1278 2633 1335 2669 XI
1365 2644 1413 2669 en
1440 2633 1540 2670 1481
1568 2633 1606 2670 la
1627 2632 1800 2671 mention
1828 2631 1877 2670 de

453 2696 590 2734 lievres
608 2693 737 2732 laches
756 2693 852 2731 dans
868 2693 905 2730 le
924 2705 1016 2744 parc
1033 2692 1086 2732 du
1098 2693 1235 2732 Plessis
1249 2707 1348 2745 pour
1366 2694 1460 2733 faire
1479 2695 1633 2734 chasser
1649 2709 1709 2734 ses
1728 2695 1872 2736 chiens.

509 2760 547 2796 4.
578 2758 650 2795 Ms.
674 2759 829 2806 legatos.

508 2823 545 2858 5.
577 2822 649 2859 Ms.
671 2832 722 2857 ex
739 2823 876 2859 muscis
893 2820 1079 2857 caedendo.
