2060 3392
540 420 1158 492 HISTORIARUM

746 595 800 630 DE
821 596 954 631 REBUS

291 729 372 830 Α
465 725 1169 832 LUDOVICO
1262 726 1400 831 XI

496 934 958 997 FRANCORUM
1006 936 1199 995 REGE

356 1102 424 1146 ΕΤ
445 1101 548 1147 SUO
569 1101 824 1147 TEMPORE
846 1101 906 1147 IN
926 1100 1129 1146 GALLIA
1149 1101 1335 1147 GESTIS

600 1253 799 1305 LIBER
838 1252 1109 1305 SEXTUS.

775 1401 915 1411 α--α

478 1492 866 1544 CAPITULUM
923 1497 1204 1544 PRIMUM.

140 1615 248 1661 Quod
276 1629 352 1652 non
378 1617 491 1652 luctus
527 1615 588 1651 sed
613 1616 732 1652 laetitia
755 1616 794 1651 in
821 1614 990 1651 Flandria
1012 1624 1047 1651 et
1066 1615 1257 1652 Brabantia
1286 1616 1353 1650 fuit
1376 1614 1421 1650 de
1445 1623 1557 1651 morte

187 1673 329 1718 eni-oli,
343 1673 514 1721 principis
538 1673 613 1717 sui3
638 1681 673 1708 et
701 1672 747 1708 de
769 1673 976 1708 tumultibus
1001 1684 1043 1708 ac
1067 1671 1300 1709 seditionibus
1325 1670 1555 1720 popularium

187 1731 302 1766 statim
320 1738 401 1778 post
415 1730 622 1766 subsecutis.

208 1844 448 1892 Exstincto
498 1844 690 1906 Carolo,
739 1842 1134 1907 Burgundionum
1188 1843 1311 1891 duce
1330 1845 1360 1903 ¹,
1404 1841 1552 1890 modo

143 1938 286 1987 quem
303 1922 544 1987 superiore
561 1920 686 1968 libro
711 1921 1025 1983 narravimus,
1050 1921 1205 1968 moesti
1235 1919 1430 1985 quidem
1453 1936 1553 1967 esse

141 2015 347 2063 eumque
370 1999 530 2062 lugere
550 2007 832 2064 potuerunt,
857 1998 941 2062 qui
963 1997 1037 2045 vel
1059 1997 1121 2045 ad
1146 2014 1257 2044 eum
1278 1997 1432 2045 carius
1453 1995 1554 2044 affi-

141 2076 411 2138 ciebantur,
444 2086 526 2124 aut
555 2075 640 2140 qui
670 2074 760 2123 suh
789 2092 849 2123 eo
871 2076 1081 2123 lucrosas
1122 2075 1554 2123 administrationes

140 2163 282 2219 atque
309 2152 467 2201 officia
486 2151 768 2201 exercebant
781 2190 794 2214 ‚
831 2153 906 2200 vel
945 2152 1058 2200 alias
1088 2152 1376 2218 compendia
1398 2170 1453 2201 ex
1492 2169 1552 2200 eo

140 2232 354 2297 accipere
374 2231 499 2278 soliti
528 2240 687 2292 erant3
730 2246 896 2276 verum
916 2229 969 2276 hi
989 2230 1131 2294 pauci
1165 2229 1430 2278 admodum
1453 2247 1551 2277 nu-

141 2325 300 2372 mero,
323 2309 524 2358 aliorum
546 2308 905 2373 comparatione
939 2308 1021 2372 qui
1049 2307 1109 2354 de
1140 2308 1241 2372 ejus
1271 2324 1443 2355 occasu
1467 2308 1552 2355 lae-

140 2386 378 2437 tabantur.
404 2391 583 2435 Eorum
601 2388 780 2452 quippe
802 2403 937 2452 paene
958 2403 1186 2434 numerus
1203 2404 1304 2434 non
1325 2396 1450 2448 erat,
1470 2388 1551 2451 qui

140 2481 225 2530 per
259 2482 426 2514 omnes
465 2466 611 2513 ferme
644 2475 794 2513 terras
839 2480 971 2526 suas,
1007 2466 1266 2530 praesertim
1291 2464 1520 2512 Flandriae
1536 2503 1550 2526 ‚

141 2541 424 2605 Brabantiae,
454 2552 501 2590 et
530 2543 734 2608 reliquas
764 2559 870 2606 quae
903 2552 1014 2589 sunt
1038 2543 1210 2606 linguae
1246 2543 1550 2606 germanioee,

140 2619 318 2683 ingenti
338 2620 494 2668 laetitia
515 2619 837 2681 exsultabant,
874 2619 1007 2684 quod
1028 2621 1134 2669 talis
1157 2620 1342 2668 domini
1359 2621 1475 2685 jugo
1498 2636 1554 2667 ac

194 2761 233 2797 1.
262 2757 418 2796 vaier
437 2760 555 2800 ¹477.

243 2836 292 2862 m
1372 2826 1389 2862 1
