2060 3392
478 290 554 327 341.
1047 286 1319 333 nomem,

475 378 543 424 uti
565 393 700 425 casus
729 387 888 425 noster
910 375 1099 436 exstitit,
1125 373 1210 422 sed
1230 374 1373 421 etiam
1400 382 1756 439 persecutorum
1777 390 1890 422 suo-

473 471 581 502 rum
610 454 786 502 minaci
816 462 1047 519 potestate
1073 451 1346 517 compulsos
1370 451 1466 498 sive
1493 451 1763 513 exterritos,
1788 450 1909 500 abs?

472 549 567 596 que
603 532 730 596 justa
771 531 1140 596 reprehensione
1181 529 1256 577 vel
1296 528 1560 576 offensione
1602 529 1727 576 licite
1753 545 1890 594 posse

469 609 604 657 sedes
641 619 688 656 et
722 608 886 674 plebes
917 624 1025 656 suas
1066 607 1281 655 deserere
1296 643 1308 666 ‚
1345 617 1392 654 et
1424 606 1807 671 persequentium
1841 624 1890 655 se

471 686 812 734 malevolentiae
833 685 1134 747 subtrahere,
1156 702 1213 733 ac
1232 695 1334 732 tuta
1358 684 1556 733 latibula
1575 684 1887 749 exquirendo,

469 764 692 811 saevitiam
710 779 879 822 eorum
901 774 1043 828 atque
1067 763 1278 810 furorem
1299 763 1555 824 declinare,
1581 761 1665 809 ubi
1683 762 1802 822 sola,
1821 763 1890 810 uti

468 858 591 906 saepe
612 840 834 901 diximus,
862 842 1063 906 pastoris
1084 856 1288 906 persona
1308 839 1635 905 persequenda
1647 840 1887 904 quaeritur,

469 926 517 965 et
538 934 623 982 per
647 917 766 964 alios
797 918 1038 965 ministros
1063 917 1264 964 idoneos
1285 917 1475 964 interim
1502 917 1710 964 ecclesiae
1727 926 1774 964 et
1790 917 1890 982 ple-

473 994 609 1041 bium
633 994 772 1068 saluti
802 994 1111 1042 ministratur.
1141 997 1258 1052 Quae
1286 994 1324 1041 si
1355 993 1512 1042 forsan
1545 994 1771 1058 cuiquam
1803 995 1891 1041 mi-

471 1072 600 1119 nime
638 1071 938 1132 suffecerint,
975 1072 1171 1119 stultum
1202 1080 1247 1118 et
1281 1071 1586 1120 temerarium
1607 1070 1893 1119 arbitramur

469 1159 637 1197 contra
660 1149 991 1214 hujuscemodi
1015 1149 1325 1215 pertinaciam
1348 1149 1469 1196 velle
1488 1149 1682 1196 ulterius
1698 1159 1894 1196 conten-

469 1226 601 1288 dere,
626 1236 674 1274 et
696 1226 759 1274 ad
779 1226 1157 1292 patefaciendam
1174 1226 1598 1274 luculentissimam
1616 1235 1663 1273 et
1677 1225 1895 1275 manifes-

470 1303 700 1351 tissimam
726 1304 974 1352 veritatem
998 1304 1206 1351 rationes
1237 1319 1295 1351 ac
1316 1313 1455 1351 testes
1488 1303 1606 1351 alios
1636 1303 1890 1365 adducere,

470 1397 604 1444 cum,
635 1383 806 1448 procul
834 1382 1011 1445 dubio,
1042 1400 1146 1447 quae
1183 1392 1498 1430 annectentur
1521 1382 1631 1431 satis
1660 1398 1895 1448 superque

471 1459 581 1506 satis
622 1459 911 1525 abundeque
946 1460 1129 1508 cunctis
1162 1460 1332 1508 merito
1374 1461 1558 1525 possint
1601 1470 1650 1508 et
1687 1459 1896 1509 debeant

471 1534 726 1584 sufficere¹.

883 1673 1226 1757 CAPI‘I'ULUM
1263 1711 1471 1756 XXVIII.

837 1830 970 1865 Iterum
1003 1830 1071 1866 alia
1102 1829 1302 1866 testimonia
1332 1829 1379 1866 ad
1406 1829 1513 1867 idem.

539 1940 658 1984 Item
682 1953 825 2003 super
843 1937 962 1986 illud
985 1938 1217 1987 Johannis
1245 1941 1326 1986 1V⁰
1354 1956 1365 1985 :
1401 1959 1423 1983 «
1452 1942 1514 1986 Ut
1535 1955 1648 2002 ergo
1672 1938 1898 2003 cognovit

472 2017 605 2062 Jesus
631 2015 744 2078 quia
765 2015 1020 2063 audierunt
1044 2016 1260 2064 Pharisaei
1293 2017 1406 2080 quia
1424 2019 1447 2063 J
1452 2033 1556 2064 esus
1578 2016 1738 2081 plures
1758 2015 1897 2063 disci-

428 2150 434 2155 ·
471 2092 612 2156 pulos
643 2091 755 2139 facit
782 2102 829 2140 et
865 2092 1074 2158 baptizat
1096 2110 1242 2158 quam
1265 2094 1534 2155 Johannes,
1569 2103 1682 2155 etc.,
1709 2094 1898 2158 reliquit

471 2171 684 2220 Judaeam
721 2183 768 2220 et
799 2173 916 2222 abiit
952 2175 1126 2222 iterum
1158 2175 1206 2222 in
1243 2175 1485 2223 Galilaeam
1503 2211 1516 2236 ‚
1547 2192 1571 2219 »
1601 2174 1715 2221 dicit
1752 2174 1898 2238 Chry-

471 2259 732 2313 sostomus,
770 2261 860 2299 etc.
882 2254 896 2277 ¹

536 2325 618 2372 His
642 2335 785 2390 atque
809 2327 912 2374 aliis
936 2326 1267 2375 consimilibus
1289 2326 1571 2375 testimoniis
1587 2363 1599 2387 ,
1636 2342 1663 2372 e
1690 2342 1899 2390 quorum

471 2403 715 2450 nonnullis
738 2421 850 2451 usus
871 2414 942 2451 est
962 2403 1130 2452 beatus
1145 2405 1441 2464 Athanasius,
1467 2405 1519 2451 in
1539 2403 1673 2450 libris
1694 2420 1816 2468 quos
1839 2404 1899 2452 de

524 2540 562 2577 1.
593 2541 666 2577 Les
677 2539 853 2578 citations
873 2539 941 2591 qui
958 2540 1113 2579 suivent
1130 2549 1217 2579 sont
1235 2540 1480 2593 empruntees
1502 2543 1524 2579 a
1544 2540 1644 2579 saint
1666 2543 1763 2579 Jean
1779 2541 1901 2592 Chry-

465 2608 653 2650 sostome‚
674 2601 772 2639 saint
801 2602 1003 2655 Augustin,
1027 2603 1127 2641 saint
1156 2603 1327 2650 Jerome,
1353 2603 1452 2642 saint
1473 2603 1632 2653 Hilaire,
1671 2603 1898 2656 Theophile,

466 2663 571 2702 Bede
586 2673 624 2702 et
635 2665 788 2705 Nicolas
807 2665 855 2704 de
873 2666 978 2715 Lire.
991 2669 1108 2705 Jeme
1126 2667 1205 2705 suis
1216 2667 1399 2719 explique
1418 2667 1513 2705 dans
1531 2667 1570 2705 la
1587 2667 1714 2705 notice
1730 2666 1902 2719 prelimi-

465 2725 576 2765 naire
592 2727 812 2778 (ci-dessus‚
834 2743 872 2781 p.
899 2730 991 2777 211)
1009 2742 1077 2768 sur
1097 2730 1134 2768 la
1150 2729 1278 2768 raison
1297 2730 1363 2781 qui
1378 2742 1440 2769 me
1458 2730 1513 2768 les
1531 2742 1555 2768 a
1576 2729 1643 2768 fait
1664 2728 1897 2781 supprimet.

518 2791 555 2828 2.
590 2791 843 2844 Suppression
861 2791 929 2831 des
942 2792 1116 2832 citations
1129 2821 1140 2841 ,
1155 2805 1306 2831 comme
1326 2793 1421 2832 dans
1435 2792 1472 2831 le
1485 2792 1657 2845 chapitre
1673 2791 1894 2844 precedent.
