2060 3392
685 315 835 354 LIBER
862 315 1062 352 PRIMUS.
1512 315 1583 351 301

230 409 340 464 Quo
358 405 427 452 sic
447 421 533 470 per
555 420 669 450 eum
686 419 935 467 responso,
961 418 1073 449 cum
1091 401 1226 447 omni
1245 400 1394 447 animi
1414 399 1591 448 fiducia

163 483 360 532 ulterius
380 498 494 529 eum
509 481 844 546 requisivimus
863 490 916 526 ut
934 478 1074 526 nobis
1093 477 1348 525 consilium
1370 488 1591 542 praestare

165 558 322 620 vellet,
347 575 409 606 an
434 558 581 623 ipsius
603 557 760 604 nuntii
781 556 1041 604 adventum
1065 554 1293 620 opperiri,
1318 554 1394 601 vel
1408 555 1587 619 potius,

164 636 346 685 utendo
365 635 555 683 licentia
583 634 725 682 nobis
746 650 990 694 concessa,
1013 634 1103 680 iter
1124 631 1459 697 proficiscendi
1477 633 1593 680 arri-

165 730 280 780 pere
318 712 629 774 deberemus,
660 722 891 777 tanquam
925 711 986 758 de
1018 710 1156 773 regiae
1185 709 1446 757 voluntatis
1485 727 1594 757 mu-

165 790 346 839 tatione
387 791 507 838 nihil
544 790 769 855 suspicati
814 789 890 837 vel
932 788 1184 836 admoniti.
1232 787 1423 835 Sciebat
1464 789 1594 836 enim

164 869 577 934 quemadmodum
606 869 706 932 jam
729 867 825 914 illic
857 867 956 930 regi
977 883 1064 932 per
1085 882 1273 912 menses
1309 866 1596 930 quatuorde-

166 947 263 994 cim
284 947 622 1005 serviissemus,
647 945 781 992 nullo
805 945 994 1010 penitus
1017 953 1213 1007 accepto
1242 943 1480 1008 stipendio
1512 960 1596 992 seu

166 1023 428 1072 honorario
453 1024 530 1071 vel
547 1023 718 1087 quovis
738 1022 1096 1081 emolument03
1125 1020 1327 1084 qualiter
1349 1021 1493 1068 etiam
1513 1037 1596 1068 rex

166 1111 279 1149 ante
300 1101 559 1149 discessum
581 1110 801 1147 nostrum
823 1116 880 1147 ex
902 1099 1057 1158 curia,
1084 1108 1137 1145 ut
1154 1114 1298 1163 supra
1319 1097 1591 1157 retulimus,

166 1179 406 1245 pollicitus
429 1179 581 1226 fuerat
610 1177 749 1225 nobis
777 1176 840 1225 de
867 1176 1099 1241 pensione
1137 1175 1313 1228 idonea
1346 1175 1597 1239 providere

168 1255 303 1321 (nam
320 1257 420 1322 ipse
438 1266 554 1303 tunc
572 1256 623 1302 in
643 1255 812 1302 eadem
830 1255 954 1317 regis
969 1253 1101 1300 curia
1120 1269 1323 1317 praesens
1341 1251 1592 1315 adfuerat),

169 1334 230 1382 de
258 1351 356 1399 qua
374 1344 537 1382 tamen
561 1333 878 1399 promissione
901 1331 1019 1378 nihil
1043 1347 1240 1395 prorsus
1268 1330 1422 1378 fuerat
1441 1330 1597 1378 adim-

167 1411 374 1477 pletum;
401 1429 542 1476 grave
566 1421 726 1460 autem
754 1411 896 1458 nimis
919 1420 1020 1457 erat
1047 1409 1189 1456 nobis
1218 1419 1266 1456 et
1293 1409 1598 1474 importabile

168 1499 268 1537 tam
290 1489 375 1536 diu
395 1490 446 1536 in
465 1499 564 1537 tam
585 1499 770 1536 remota
791 1505 820 1535 a
844 1487 1037 1535 sedibus
1058 1487 1223 1552 patriis
1242 1496 1366 1534 terra
1386 1489 1598 1552 propriis

167 1567 414 1632 stipendiis
449 1567 547 1630 regi
582 1567 802 1614 militare.
839 1564 1274 1613 Percunctabamur
1303 1565 1446 1628 igitur
1483 1583 1597 1630 pru-

168 1645 382 1694 dentiam
403 1661 540 1692 suam
561 1645 794 1710 quidnam
817 1645 998 1691 factura
1026 1643 1170 1702 foret,
1209 1643 1248 1690 si
1277 1643 1443 1690 similis
1464 1660 1593 1702 eum,

170 1724 240 1772 uti
251 1734 416 1772 nostra
431 1733 550 1785 erat,
573 1723 764 1770 fortuna
778 1731 976 1769 teneret.
1003 1723 1107 1785 Ipse
1129 1730 1304 1779 autem,
1321 1721 1405 1784 qui
1422 1732 1594 1783 rectus,

170 1802 253 1867 qui
267 1802 421 1865 justus
440 1811 581 1865 atque
602 1801 842 1847 humanus
863 1799 1091 1846 dominus
1111 1807 1228 1858 erat,
1247 1797 1376 1844 illico
1398 1815 1599 1864 respon·
1650 1851 1653 1853 ,

171 1881 243 1928 dit
271 1897 321 1928 se
351 1880 402 1927 in
436 1879 519 1926 tali
543 1895 655 1926 casu
687 1895 788 1925 non
820 1886 1202 1942 exspectaturum
1234 1876 1389 1932 nuntii
1423 1876 1599 1925 adven·

171 1968 292 2017 tum,
319 1957 402 2005 sed
422 1956 583 2015 ‘statim
604 1973 653 2004 se
678 1956 740 2003 ad
762 1956 943 2002 curiam
968 1954 1089 2017 regis
1110 1954 1179 2008 in,
1193 1954 1389 2019 propria
1412 1955 1597 2020 prosec-

171 2046 334 2084 turum
353 2034 603 2098 nuntiique
625 2043 974 2098 praeventurum
994 2047 1253 2079 accessum.

238 2112 384 2171 Quod
421 2129 534 2160 cum
573 2128 674 2158 non
706 2112 807 2158 sine
845 2110 1053 2176 plurima
1085 2109 1399 2173 gratulatione
1435 2109 1498 2157 ab
1538 2127 1597 2157 eo

173 2190 355 2239 dictum
379 2189 707 2248 audiissemus,
733 2188 889 2236 statim
911 2187 1248 2235 subintulimus
1271 2187 1322 2234 id
1343 2187 1487 2234 etiam
1509 2204 1598 2235 nos

175 2268 375 2316 omnino
399 2267 605 2315 facturos
628 2266 949 2332 proposuisse,
981 2282 1070 2313 nec
1094 2266 1142 2311 in
1167 2274 1302 2312 tanto
1326 2265 1599 2313 discrimine

176 2346 430 2412 obtorpere
464 2344 735 2406 intendere,
776 2344 860 2391 sed
888 2343 1022 2408 quod
1054 2343 1202 2390 altero
1237 2352 1348 2408 post
1376 2344 1597 2408 proximo

176 2425 390 2489 sequenti
414 2423 510 2481 die,
547 2424 758 2470 Domino
789 2421 929 2480 duce,
967 2421 1057 2469 iter
1082 2422 1412 2486 arriperemus.
1454 2421 1598 2478 Quod

177 2501 278 2565 ipse
298 2509 352 2547 ut
371 2500 435 2547 ita
451 2500 712 2548 faceremus
730 2498 968 2546 consuluit
990 2506 1037 2544 et
1051 2497 1276 2544 laudavit.
1301 2497 1439 2544 Unde
1458 2497 1599 2544 nobis

179 2575 229 2622 in
251 2575 332 2623 tali
356 2585 517 2623 nostra
546 2575 802 2623 afflictione
835 2584 977 2638 atque
998 2572 1303 2620 tribulatione
1329 2589 1502 2635 magna
1523 2589 1600 2619 ac-

178 2652 325 2700 crevit
344 2652 609 2700 consolatio
631 2662 678 2699 et
694 2651 826 2699 bona
844 2668 951 2717 spes
967 2651 1016 2698 in
1030 2651 1261 2712 Domino,
1281 2651 1494 2715 laqueos,
1514 2650 1597 2713 qui

180 2729 322 2777 nobis
336 2728 655 2777 tendebantur
673 2730 839 2776 mortis
852 2745 937 2793 per
952 2744 1209 2793 pravorum
1230 2728 1439 2786 insidias,
1460 2743 1597 2792 posse

182 2808 421 2857 declinare
442 2818 490 2856 et
509 2807 731 2872 effugere.
