2060 3392
670 283 817 320 unm
854 283 1011 321 rmum
1014 286 1055 322 S.
1488 286 1564 323 3¹03

559 467 904 513 CAPITULUM
949 468 1137 514 XXVII.

151 607 256 642 Plura
274 606 473 642 testimonia
487 605 693 641 divinarum
706 604 962 652 seripturarum
979 612 1014 640 et
1031 605 1292 641 catholicorum
1310 604 1502 641 doctorum
1520 604 1567 641 nd

197 662 504 698 confirmationem
518 674 657 706 eorum,
674 673 753 708 quae
771 660 866 696 dicta
877 668 973 705 sunt,
988 661 1087 707 quod
1102 662 1237 696 licitum
1251 662 1296 708 sit
1310 674 1347 697 se
1362 663 1569 698 subu-ahere

197 719 334 756 sevitia
349 719 632 768 persequentium
643 746 655 765 ‚
671 718 777 754 etiam
791 717 1017 754 ecclesiarum
1030 719 1240 754 rectoribus.

214 839 503 903 Quanquam
533 853 649 884 vero
679 845 727 883 et
746 837 999 885 Salvatoris
1016 846 1254 902 praecepto
1284 847 1332 885 et
1354 836 1568 901 ejusdem

148 916 454 982 pluriumque
483 924 758 963 sanctorum
789 913 1074 980 pontificum
1117 915 1344 980 exemplis
1381 924 1569 963 sancto-

149 998 352 1059 rumque
376 993 515 1042 dictis
534 993 646 1041 satis
667 1002 910 1041 ostensum
928 993 986 1040 sit
1001 993 1184 1040 licitum
1205 1003 1252 1040 et
1269 993 1569 1059 irreprehen-

149 1070 284 1119 sibile
297 1071 400 1119 fore
415 1080 776 1136 persecutorum
795 1070 1019 1118 saevitiam
1033 1070 1259 1134 fugiendo
1280 1071 1569 1135 latendoque

149 1147 389 1196 declinare
402 1185 418 1210 ‚
451 1158 500 1196 et
519 1148 769 1196 ecclesiam
800 1163 886 1195 seu
908 1147 1099 1213 plebem
1123 1164 1259 1196 suam
1287 1149 1467 1214 pastori
1489 1149 1571 1196 de-

148 1230 327 1287 serere,
351 1225 438 1274 ubi
468 1225 570 1274 sola
594 1225 695 1289 ejus
726 1240 931 1291 persona
951 1225 1281 1290 persequenda
1313 1226 1565 1291 expetitur,

150 1317 252 1349 non
282 1301 401 1349 fides
429 1300 750 1349 subvertenda
782 1301 833 1348 in
864 1299 1110 1365 plebibus,
1146 1310 1195 1348 et
1222 1300 1309 1348 ubi
1341 1317 1428 1366 per
1451 1301 1571 1349 alios

148 1378 351 1427 idoneos
373 1380 615 1426 ministros
635 1379 818 1444 possint
849 1378 1061 1426 absentis
1082 1378 1286 1443 pastoris
1309 1378 1436 1426 vices
1457 1394 1569 1444 sup-

148 1455 269 1521 pleri
276 1476 290 1516 ;
304 1458 509 1522 satisque
523 1457 707 1503 cunctis
727 1456 1042 1521 conspicuum
1055 1456 1397 1520 notoriumque
1407 1455 1564 1518 f'uerit,

147 1536 233 1600 qui
252 1536 403 1584 nostri
427 1536 645 1583 notitiam
664 1534 919 1599 aliqualem
935 1534 1114 1583 habere
1135 1544 1397 1600 potuerunt
1411 1571 1425 1597 ,
1456 1551 1564 1597 nos,

148 1613 219 1661 uti
258 1629 380 1679 saepe
415 1613 643 1672 diximus,
678 1612 911 1660 violenter
946 1622 995 1660 et
1018 1612 1067 1659 vi
1099 1612 1316 1677 praecisa,
1364 1613 1441 1660 cui
1474 1613 1567 1660 hu-

148 1691 304 1738 manis
332 1690 513 1738 viribus
535 1690 686 1738 resisti
707 1706 737 1738 a
757 1688 900 1737 nobis
926 1706 1027 1738 non
1049 1699 1261 1755 poterat,
1286 1706 1387 1737 non
1416 1690 1567 1737 modo

147 1767 345 1815 ecclesia
363 1777 526 1815 nostra
546 1777 628 1814 aut
644 1766 917 1832 provincia,
939 1766 1024 1814 sed
1046 1775 1149 1813 toto
1173 1782 1322 1829 regno
1345 1766 1569 1831 depulsos

148 1855 292 1911 atque
318 1845 366 1892 in
400 1846 616 1892 exsilium
649 1854 805 1903 actos,
844 1860 934 1891 nec
963 1844 1172 1908 potuisse
1205 1843 1314 1890 ullis
1345 1842 1568 1908 precibus

148 1932 232 1971 aut
257 1921 686 1985 interventionibus
706 1921 946 1986 majorum
960 1922 1234 1987 principum
1252 1922 1387 1985 regni
1415 1922 1567 1987 impe-

147 2009 273 2048 trare
307 1999 440 2065 quod
475 2001 525 2047 in
554 2000 752 2047 ecclesia
780 2009 943 2047 nostra
979 2015 1063 2046 seu
1089 1999 1336 2064 provincia
1362 1999 1568 2047 residere

148 2086 291 2142 atque
314 2079 365 2125 in
388 2093 445 2126 ea
465 2078 700 2126 deservire
728 2077 892 2125 liceret
915 2076 1069 2142 (quod
1095 2077 1261 2142 utique
1287 2078 1396 2125 satis
1416 2076 1567 2126 abun·

148 2154 304 2220 deque
322 2155 373 2204 in
400 2156 551 2203 nostri
569 2155 916 2204 excusationem
942 2163 1084 2219 atque
1104 2155 1376 2220 apologiam
1397 2155 1569 2203 merito

148 2229 355 2280 debebat
385 2232 622 2295 sufficere)
646 2250 658 2278 ι
683 2241 871 2293 tamen,
901 2232 1015 2296 quia
1040 2232 1294 2296 plerosque
1323 2231 1442 2297 tales
1468 2248 1568 2280 esse

149 2310 393 2370 novimus,
423 2310 622 2375 quibus,
655 2326 740 2357 seu
768 2308 1032 2373 derogandi
1056 2309 1280 2358 aviditate
1301 2325 1387 2357 seu
1412 2309 1567 2375 pervi-

149 2388 282 2436 cacia
325 2388 476 2436 nimia
514 2387 719 2436 detentis
733 2424 747 2449 ,
792 2387 873 2434 vix
917 2387 1077 2452 aliqua
1117 2387 1374 2436 auctoritas
1389 2422 1402 2447 ‚
1446 2387 1568 2435 ratio

150 2481 235 2513 seu
260 2465 478 2531 exempla
514 2475 683 2513 contra
713 2464 849 2515 illum
882 2480 1028 2528 quem
1061 2464 1206 2513 semel
1238 2480 1452 2512 errorem
1483 2465 1569 2511 im-

148 2541 391 2605 biberint,
406 2544 595 2592 valeant
619 2542 836 2591 sufficere
852 2579 866 2603 ,
899 2543 1111 2608 plurium
1133 2542 1378 2591 sententiis
1398 2551 1446 2590 et
1464 2558 1571 2588 auc-

150 2619 419 2667 toritatibus
458 2629 732 2667 sanctorum
774 2619 1029 2667 doctorum
1043 2655 1056 2679 ,
1100 2635 1159 2668 ea
1191 2635 1296 2684 quae
1337 2618 1567 2680 diximus,

150 2698 393 2751 adstmere
426 2699 729 2759 conabimur,
760 2700 1064 2749 ostendentes
1093 2716 1254 2748 servos
1287 2700 1375 2747 Dei
1398 2708 1446 2746 et
1476 2699 1573 2763 ple-

149 2775 285 2825 bium
319 2787 530 2844 pastores
547 2814 560 2837 ‚
595 2793 696 2825 non
727 2778 885 2826 solum
915 2777 1141 2825 violentia
1165 2778 1359 2843 praecisa
1381 2775 1542 2841 pulsos
1556 2813 1568 2836 ,
