2060 3392
502 331 577 368 372
1073 327 1324 366 APOLOGIA
1341 355 1352 374 ‚

499 419 591 468 cati
613 419 756 467 totius
776 418 937 483 patriae
956 417 1179 464 illitterati
1201 426 1249 464 et
1269 415 1458 482 penitus
1475 415 1594 479 juris
1613 423 1725 462 sunt
1743 415 1912 478 ignari,

499 496 684 545 nullum
711 496 811 560 jam
838 495 931 542 tale
965 494 1236 560 praesidium
1270 493 1472 560 praelatis
1508 492 1812 540 ecclesiarum
1842 509 1916 540 re-¹

497 574 663 620 lictum
698 582 768 620 est
783 607 797 630 ‚
832 588 921 621 nec
953 572 1053 637 spei
1086 572 1307 620 solatium
1340 570 1471 635 quod
1500 587 1590 635 pro
1609 568 1916 635 quibuscum-

498 669 591 717 que
622 638 831 716 injuriis,
871 660 1039 698 contra
1066 651 1401 698 ecclesiasticas
1435 666 1541 698 suas
1573 649 1807 715 praecipue
1831 649 1916 714 ju·-

495 730 793 778 risdictiones
815 729 890 776 vel
916 729 1238 778 immunitates
1257 745 1314 776 ac
1335 727 1573 776 libertates
1594 728 1661 775 eis
1679 727 1911 792 irrogatis,

489 807 721 871 justitiam
755 823 839 854 seu
861 806 1211 871 reparationem
1255 806 1484 870 consequi
1514 805 1719 870 possint,
1759 804 1917 853 ablata

493 884 559 931 eis
608 883 798 949 penitus
853 883 1044 930 licentia
1087 893 1135 930 et
1181 883 1399 930 facultate
1448 899 1531 930 seu
1575 898 1661 947 per
1705 881 1916 948 appella-

493 962 675 1008 tionem
723 977 806 1008 seu
847 976 933 1025 per
972 961 1101 1008 viam
1143 961 1346 1025 querelae
1385 969 1468 1007 aut
1498 959 1612 1006 alias
1641 958 1704 1007 ad
1727 959 1917 1007 dictam

490 1039 813 1087 venerabilem
843 1039 1025 1086 curiam
1059 1040 1228 1102 regalis
1263 1039 1546 1103 parlamenti
1571 1038 1844 1086 recurrendi
1871 1047 1918 1085 et

489 1134 578 1182 pro
599 1117 718 1181 juris
742 1116 956 1163 remedio
990 1117 1314 1180 confugiendi.

555 1192 861 1241 Potiebantur
885 1193 1018 1255 olim,
1044 1203 1098 1240 ut
1120 1194 1302 1241 cunctis
1325 1193 1434 1241 satis
1458 1193 1702 1240 notorium
1715 1192 1913 1253 exsistit,

489 1272 669 1336 praelati
709 1281 757 1318 et
795 1271 1003 1318 ecclesiae
1045 1271 1348 1319 Normanniae
1365 1309 1377 1333 ,
1424 1258 1835 1335 quemadmodum
1871 1280 1918 1317 et

488 1350 643 1397 caeteri
683 1349 862 1415 praelati
903 1359 951 1396 et
991 1350 1198 1397 ecclesiae
1242 1350 1404 1413 regni,
1453 1350 1546 1397 hac
1589 1348 1805 1396 libertate
1850 1349 1918 1396 eis

490 1427 655 1491 utique
688 1426 878 1491 perutili
922 1443 978 1473 ac
1017 1427 1391 1491 pernecessaria,
1441 1427 1574 1492 quod
1593 1427 1653 1473 in
1678 1426 1776 1475 istis
1805 1441 1918 1474 con-

489 1503 729 1551 troversiis
770 1519 875 1567 quae
907 1503 1073 1550 dietim
1109 1504 1234 1551 inter
1272 1521 1354 1552 eos
1394 1513 1536 1569 atque
1579 1502 1738 1552 officia
1778 1519 1919 1551 saecu-

491 1582 611 1631 laria
653 1582 836 1630 oboriri
871 1583 1052 1640 solent,
1096 1599 1180 1629 seu
1222 1600 1365 1648 super
1404 1583 1681 1630 differentiis
1697 1581 1918 1646 jurisdic-

491 1660 679 1707 tionum
718 1675 775 1707 ac
805 1660 1162 1708 immunitatum
1183 1661 1632 1720 ecclesiasticarum,
1665 1676 1748 1708 seu
1776 1675 1919 1725 super

491 1737 800 1784 ecclesiarum
834 1737 1054 1799 dotibus,
1091 1747 1138 1785 et
1165 1738 1214 1784 in
1246 1738 1516 1802 quibusque
1554 1737 1715 1786 arduis
1741 1747 1789 1785 et
1815 1754 1919 1801 gra-

490 1814 704 1862 vioribus
739 1814 955 1878 negotiis,
980 1831 1067 1880 per
1087 1815 1214 1862 viam
1239 1815 1440 1879 querelae
1466 1814 1738 1879 hujusmodi
1756 1831 1920 1864 causas

491 1893 776 1942 obtinebant
807 1910 836 1941 a
868 1910 977 1957 rege
1010 1893 1244 1940 committi
1278 1893 1326 1939 in
1369 1893 1500 1940 curia
1531 1892 1813 1958 parlamenti
1844 1894 1919 1942 vel

493 1981 819 2036 requestarum
856 1971 1086 2031 Parisius3
1119 1980 1164 2017 et
1200 1987 1286 2035 per
1320 1970 1407 2017 has
1440 1969 1734 2018 venerabiles
1765 1971 1920 2019 curias

489 2048 721 2112 justitiam
763 2049 931 2113 saepius
957 2049 1183 2109 assecuti,
1213 2048 1521 2095 ecclesiarum
1560 2063 1753 2095 suarum
1781 2048 1890 2112 jura
1904 2085 1916 2108 ,

491 2125 846 2189 jurisdictiones
884 2135 1027 2188 atque
1067 2125 1388 2172 immunitates
1411 2135 1579 2173 contra
1621 2126 1782 2184 dolos,
1818 2126 1919 2174 vio-

497 2202 666 2250 lentias
690 2213 737 2250 et
757 2202 1020 2250 calumnias
1054 2201 1383 2249 advocationis
1412 2203 1645 2250 saecularis
1670 2213 1718 2250 et
1739 2202 1920 2251 officio-

496 2296 604 2326 rum
627 2281 788 2344 patriae
824 2289 1082 2344 utcumque
1110 2279 1403 2342 tutabantur,
1446 2280 1742 2344 quietiusque
1767 2281 1920 2328 multo

499 2367 546 2404 et
576 2357 874 2421 tranquillius
916 2367 962 2404 et
1001 2356 1195 2409 liberius
1229 2358 1324 2404 suis
1358 2346 1472 2404 tunc
1504 2356 1811 2422 potiebantur
1844 2358 1920 2420 ju-

500 2433 855 2481 risdictionibus
879 2445 926 2481 et
957 2434 1278 2496 libertatibus,
1322 2444 1453 2480 metu
1486 2435 1697 2499 quodam
1733 2435 1920 2500 Justitiae

497 2511 621 2558 illius
669 2527 900 2575 supremae
954 2512 1094 2558 curiae
1140 2512 1447 2576 parlamenti,
1491 2528 1520 2559 a
1560 2529 1655 2576 qua
1693 2529 1783 2577 pro
1812 2513 1922 2559 suis

499 2589 623 2636 dolis
656 2599 702 2635 et
742 2588 992 2636 calumniis
1022 2589 1181 2654 puniri
1221 2598 1267 2636 et
1302 2590 1509 2636 coerceri
1542 2606 1643 2636 non
1676 2590 1921 2638 modicum

500 2666 839 2714 formidabant.
881 2666 1034 2713 Hodie
1061 2683 1176 2714 vero
1204 2666 1348 2714 totius
1379 2668 1636 2732 provinciae
1669 2667 1920 2715 advocatio

499 2743 733 2792 saecularis
772 2753 820 2791 et
858 2753 1030 2792 cuncta
1062 2745 1223 2808 patriae
1255 2743 1414 2792 officia
1455 2745 1586 2792 hunc
1627 2745 1922 2793 Ludovicum

497 2839 658 2887 regem
694 2831 742 2870 et
779 2821 1040 2868 nonnullos
1074 2821 1134 2875 de
1182 2821 1489 2890 primioribus
1532 2821 1661 2888 apud
1703 2838 1814 2878 eum
1854 2821 1920 2870 ita
