2060 3392
400 276 476 313 144
766 268 1107 309 HISTORIARUM
1135 265 1374 304 LUDOVICI
1399 265 1454 302 XI

399 373 538 424 sent,
572 361 884 410 nihilominus
918 357 1119 444 spoliata
1150 365 1197 403 et
1226 364 1434 403 cremata
1463 352 1565 400 suit.
1592 353 1709 411 Quae
1743 367 1818 399 res

399 440 604 506 amplius
638 448 856 496 caeteros,
892 436 975 499 qui
1016 434 1192 500 pariter
1229 449 1278 481 se
1314 431 1639 492 redemerant,
1675 428 1819 478 vehe-

400 528 583 567 menter
611 515 862 576 exterruit,
895 514 959 561 ita
989 522 1042 560 ut
1075 511 1280 578 amplius
1313 526 1458 558 nemo
1486 525 1573 575 per
1601 508 1820 572 hujusce·

400 596 532 644 modi
555 594 908 658 redemptiones
929 607 978 638 se
997 599 1154 638 tutum
1176 589 1277 636 fore
1299 596 1554 653 reputaret.

891 786 1236 836 CAPITULUM
1268 787 1327 833 V.

379 957 381 959 ·
398 932 592 977 Quomodo
617 931 710 967 cives
734 930 976 977 Trajectenses
997 927 1155 976 potiores
1172 928 1297 975 jugum
1316 925 1509 974 tyrannica
1525 923 1779 959 dominationis
1799 935 1820 959 a

449 989 518 1024 suis
530 988 728 1024 cervicibus
744 993 985 1031 excusserunt,
1003 983 1115 1019 missis
1132 983 1169 1018 in
1183 994 1360 1018 carcerem
1369 981 1543 1030 tyrannis,
1558 989 1592 1016 et
1605 992 1707 1015 suum
1722 992 1820 1028 pon—

448 1046 577 1082 tificem
591 1045 766 1094 optimum
783 1044 822 1079 in
834 1043 1010 1080 civitatem
1028 1054 1127 1078 suam
1143 1048 1349 1089 receperunt
1365 1052 1445 1075 cum
1462 1040 1634 1087 applausu
1647 1050 1777 1086 magno
1791 1039 1817 1072 ¹.

469 1157 646 1205 Videns
668 1166 828 1205 autem
851 1155 1060 1222 populus
1089 1153 1397 1218 Trajectensis
1428 1168 1477 1199 se
1515 1152 1687 1219 totiens
1720 1150 1820 1198 fore

399 1253 485 1302 per
519 1252 631 1283 suos
666 1245 896 1301 tyrannos
928 1232 1171 1294 delusum,
1198 1231 1281 1296 qui
1317 1231 1366 1277 in
1405 1239 1477 1277 tot
1506 1227 1822 1277 conventibus

399 1331 489 1381 pro
513 1313 760 1362 tractanda
794 1329 912 1379 pace
942 1311 1118 1360 habitis
1148 1310 1267 1360 nihil
1291 1309 1481 1376 penitus
1509 1310 1725 1356 votivum
1751 1323 1822 1355 re·

401 1391 659 1459 portabant
674 1428 686 1452 ‚
719 1391 836 1456 quin
866 1391 1026 1456 potius
1048 1388 1110 1436 ab
1132 1387 1313 1436 eisdem
1337 1387 1574 1452 tyrannis,
1597 1386 1708 1434 licet
1729 1385 1820 1433 fre-

401 1479 601 1535 quenter
639 1485 807 1516 omnes
843 1467 1054 1515 honestae
1092 1475 1139 1513 et
1176 1463 1483 1512 rationabiles
1521 1463 1823 1512 conditiones

401 1547 530 1613 pacis
550 1547 618 1594 eis
640 1545 811 1593 oblatae
832 1544 1052 1605 fuissent,
1079 1543 1237 1609 palam
1270 1541 1452 1589 dictum
1483 1540 1834 1607 protestatum-⁵

401 1641 495 1688 que
523 1623 684 1671 fuisset
712 1622 846 1688 quod
874 1609 1039 1669 citius²
1060 1620 1225 1668 omnia
1249 1629 1458 1667 extrema
1487 1634 1637 1684 usque
1658 1617 1721 1666 ad
1754 1617 1820 1664 ci-

400 1701 531 1749 vium
569 1701 788 1748 omnium
827 1699 1204 1747 internecionem
1243 1707 1290 1745 et
1317 1697 1538 1745 ultimum
1573 1696 1822 1743 hominem

400 1779 617 1827 relictum
658 1778 969 1838 sustinerent,
1015 1792 1161 1841 quam
1205 1773 1339 1840 quod
1373 1774 1508 1840 pium
1543 1772 1824 1839 pontificem

401 1873 542 1904 suum
570 1872 786 1920 unquam
811 1855 862 1902 in
885 1854 1139 1902 dominum
1162 1869 1303 1900 suum
1325 1860 1740 1916 recognoscerent,
1763 1849 1824 1897 de

402 1950 520 1998 pace
539 1932 881 1999 componenda
911 1941 994 1980 aut
1028 1929 1333 1979 reformanda
1363 1929 1552 1996 penitus
1573 1927 1825 1994 desperare

402 2020 664 2076 coeperunt.
694 2009 948 2058 Crescebat
971 2010 1021 2056 in
1049 2007 1151 2056 dies
1174 2007 1320 2056 sames
1353 2025 1407 2055 ex
1443 2007 1643 2074 penuria
1674 2016 1720 2054 et
1748 2022 1824 2054 ca·

402 2088 532 2135 ristia
551 2103 772 2148 annonae,
801 2102 891 2134 nec
912 2094 1201 2134 mercatores
1224 2094 1305 2133 aut
1329 2083 1531 2133 artifices
1560 2082 1823 2149 quidquam

401 2164 521 2211 lucri
555 2164 633 2211 vel
671 2180 728 2211 ex
761 2161 962 2211 artificio
979 2200 992 2224 ‚
1019 2161 1095 2209 vel
1123 2177 1182 2208 ex
1208 2161 1530 2224 negotiatione
1562 2160 1714 2208 facere
1742 2175 1824 2224 po-

403 2251 578 2289 terant.
618 2241 841 2289 Similiter
872 2256 963 2288 nec
1003 2239 1183 2301 clerus,
1217 2256 1306 2287 nec
1339 2230 1634 2288 honestiores
1669 2237 1819 2295 cives,

403 2318 578 2383 quibus
614 2319 913 2367 consuetudo
950 2318 1102 2366 fuerat
1137 2317 1197 2366 de
1230 2317 1435 2384 propriis
1471 2317 1628 2365 vivere
1664 2315 1824 2364 rediti-

403 2396 493 2444 bus
507 2435 519 2458 ‚
551 2397 814 2461 quidquam
848 2395 961 2444 inde
985 2405 1207 2461 poterant
1233 2396 1507 2461 percipere;
1533 2404 1581 2443 et
1610 2394 1825 2460 plerique

413 2475 520 2539 qui,
553 2475 591 2522 si
623 2474 803 2539 aliquid
832 2473 1057 2539 pusillum
1081 2473 1194 2520 olim
1220 2488 1277 2521 ex
1308 2473 1598 2538 patrimonio
1632 2472 1722 2520 sibi
1751 2488 1823 2518 re-

461 2644 502 2682 1.
530 2641 709 2694 chapitre
738 2640 915 2693 imprime
939 2640 1034 2678 dans
1059 2640 1114 2677 les
1145 2643 1331 2678 Analecta
1354 2640 1401 2678 de
1428 2640 1628 2679 Matthaeus
1661 2650 1699 2679 et
1726 2641 1820 2679 dans

404 2704 680 2755 l’Amplissima
696 2706 877 2742 collectio.

458 2768 499 2807 2.
529 2766 729 2805 Matthaeus
747 2770 838 2816 quia
853 2770 993 2816 petitas.
