2060 3392
457 334 534 371 192
821 332 1161 371 msmluARUM
1189 333 1425 371 LUDOVICI
1451 334 1509 372 xl

910 517 1252 564 CAPITULUM
1286 519 1410 563 xvl.

456 650 683 698 Comparatio
709 661 847 684 morum
886 661 1032 684 suorum
1054 649 1101 684 ad
1125 658 1293 697 paternos
1318 661 1432 684 mores
1461 648 1580 697 quoad
1605 639 1874 697 temperantiam

985 715 1088 754 atque
1100 705 1340 754 prudentiam.

523 828 766 872 Postremo
793 841 891 872 non
916 824 978 872 ab
1008 842 1058 873 re
1083 825 1337 888 videbitur,
1362 827 1425 888 si,
1447 827 1723 891 priusquam
1743 828 1874 876 hunc

454 903 630 950 librum
652 902 953 964 claudamus,
978 903 1120 967 hujus
1134 939 1146 963 ,
1179 903 1238 950 de
1257 920 1355 968 quo
1378 904 1518 951 nobis
1541 904 1590 951 in
1613 906 1876 970 praesentia-

455 999 563 1029 rum
596 991 665 1028 est
691 997 871 1039 serm0,
910 990 958 1047 et
988 980 1132 1027 felicis
1169 981 1511 1029 recordationis
1543 983 1766 1045 genitoris
1801 984 1875 1031 sui

455 1075 612 1106 mores
645 1068 692 1105 et
713 1057 817 1105 vitae
840 1058 1184 1104 institutionem
1208 1057 1341 1105 brevi
1364 1058 1454 1106 sub
1481 1059 1771 1124 compendio
1804 1060 1876 1107 in-

458 1137 609 1183 vicem
630 1135 946 1182 conferamus.
1472 1190 1477 1194 ι
1520 1145 1522 1147 ·

521 1213 720 1260 Genitor
741 1212 940 1277 quippe,
969 1212 1102 1277 quod
1123 1222 1194 1260 est
1217 1214 1477 1261 maximum
1510 1224 1558 1261 et
1582 1215 1875 1280 praecipuum

449 1291 636 1355 justitiae
663 1290 1050 1351 fundamentum,
1090 1289 1201 1355 fidei
1227 1291 1372 1338 semel
1395 1290 1514 1339 datae
1538 1308 1594 1339 ac
1619 1292 1876 1357 promisso-

455 1387 562 1416 rum
588 1369 911 1417 tenacissimus
934 1368 1047 1427 fuit3
1078 1386 1166 1416 nec
1189 1369 1354 1417 litteris
1375 1379 1457 1417 aut
1474 1358 1634 1434 sigillis
1652 1370 1877 1434 cuiquam

455 1464 576 1512 opus
610 1457 734 1508 erat,
767 1446 852 1495 ubi
893 1464 1004 1494 eum
1038 1447 1301 1511 quidquam
1337 1448 1478 1496 alicui
1517 1448 1873 1513 expromisisse,

455 1526 598 1573 etiam
621 1525 744 1572 ultra
768 1525 999 1590 plurimos
1026 1540 1205 1582 annos,
1239 1525 1302 1572 ad
1324 1525 1606 1573 memoriam
1628 1525 1672 1572 ei
1692 1528 1879 1590 poterat

454 1603 683 1650 revocari.
718 1603 805 1649 Hic
826 1613 925 1650 tam
948 1602 1122 1665 fragilis
1149 1602 1198 1649 in
1226 1604 1321 1650 suis
1349 1603 1614 1668 promissis,
1646 1619 1876 1667 quocum·

455 1698 547 1745 que
577 1682 720 1728 etiam
759 1681 1000 1746 scripturae
1026 1680 1099 1726 vel
1130 1680 1394 1743 sigillorum
1427 1690 1568 1745 atque
1608 1697 1876 1728 sacramen-

456 1769 614 1805 torum
664 1758 933 1805 velamento
972 1756 1231 1815 roboratis,
1272 1758 1382 1818 fuit,
1429 1768 1483 1804 ut
1529 1758 1588 1805 de
1636 1756 1876 1821 qualibus-

455 1850 660 1898 cumque
702 1833 944 1898 promissis
984 1832 1085 1895 ejus
1131 1833 1289 1880 nullus
1336 1832 1483 1880 fidere
1537 1833 1762 1893 auderet3
1813 1833 1878 1882 ita

456 1911 668 1976 profecto
706 1911 839 1975 quod
876 1910 1005 1976 apud
1034 1926 1201 1958 omnes
1239 1911 1385 1958 ferme
1419 1911 1659 1972 mortales,
1686 1911 1770 1974 qui
1803 1911 1877 1958 vel

456 2000 641 2037 tantum
689 1990 748 2036 de
788 2006 846 2036 eo
884 1989 1133 2036 audierant
1158 1991 1169 2013 ¹
1212 1989 1404 2048 famam,
1454 2004 1543 2054 pro
1574 1988 1656 2036 tali
1683 1988 1878 2036 infamia

458 2067 794 2114 famosissimus
822 2066 1092 2114 haberetur.
1690 2078 1692 2080 ’

525 2146 660 2192 Pater
687 2145 786 2190 vini
816 2153 862 2190 et
890 2145 1104 2190 esearum
1134 2144 1584 2207 temperantissimus
1615 2142 1728 2200 fuit3
1754 2140 1876 2189 filius

456 2238 570 2269 vero
588 2222 648 2268 de
668 2221 802 2268 omni
818 2221 934 2285 gulae
964 2221 1325 2285 intemperantia
1349 2221 1547 2286 turpiter
1569 2219 1838 2266 diffamatus
1860 2237 1870 2265 :

458 2298 602 2356 unde,
625 2307 677 2344 ut
696 2313 838 2362 supra
857 2314 943 2344 suo
963 2297 1072 2343 loco
1095 2297 1339 2344 retulimus
1349 2299 1378 2358 ²,
1405 2314 1514 2344 cum
1537 2296 1681 2343 semel
1702 2296 1877 2343 Retho-

459 2376 582 2438 magi
606 2385 813 2422 coenaret
833 2375 882 2421 in
900 2373 1099 2422 taberna
1119 2373 1333 2438 publica,
1362 2383 1409 2421 et
1432 2374 1526 2421 illic
1545 2390 1641 2420 una
1659 2374 1875 2421 adessent

457 2453 539 2515 qui
578 2452 743 2498 famosi
782 2451 879 2498 vini
923 2460 1164 2515 potatores
1208 2450 1534 2512 habebantur,
1581 2451 1680 2515 ipse
1730 2451 1876 2498 fertur

512 2592 529 2627 1
542 2619 550 2628 .
583 2591 652 2628 Ms.
679 2598 804 2626 tamen
824 2590 871 2624 de
893 2601 934 2624 eo
955 2589 1145 2624 audierat.

511 2655 550 2690 2.
581 2651 765 2689 L'auteur
783 2663 823 2688 se
849 2658 997 2700 trompe
1011 2679 1021 2697 ‚
1046 2663 1096 2686 ou
1116 2648 1206 2686 bien
1228 2649 1253 2686 il
1277 2649 1434 2688 renvoie
1461 2651 1481 2687 a
1509 2663 1562 2687 un
1585 2663 1741 2703 passage
1761 2650 1829 2701 qui
1850 2663 1872 2688 a

457 2715 516 2752 ete
544 2714 640 2752 omis
666 2713 761 2751 dans
795 2712 831 2750 la
854 2711 1123 2762 transcription
1148 2711 1196 2749 de
1216 2725 1285 2749 son
1317 2726 1457 2763 propre
1487 2713 1722 2762 manuscrit,
1749 2727 1815 2751 car
1845 2713 1871 2751 il

457 2776 555 2815 n'est
581 2775 756 2826 question
775 2774 823 2812 de
845 2774 1056 2812 l’aventure
1077 2774 1142 2824 qui
1161 2787 1209 2811 va
1228 2774 1355 2812 suivro
1368 2804 1378 2821 ,
1402 2774 1495 2813 dans
1514 2788 1640 2814 aucun
1659 2784 1769 2813 autre
1795 2788 1871 2813 en-

459 2838 558 2876 droit
578 2837 626 2875 de
645 2851 714 2875 son
732 2837 903 2876 histoire.
