2060 3392
656 291 802 327 LIBER
840 290 1040 327 SEXTUS.
1497 290 1542 325 91

143 377 420 426 incendium
451 376 611 442 posuit
625 413 639 438 ,
678 374 895 442 pluribus
926 374 1046 423 inibi
1079 374 1303 422 domibus
1324 375 1547 423 incendio

142 454 422 522 abmmptis.
452 454 599 514 Quod
627 454 762 516 licet,
787 454 918 502 velut
946 453 1103 501 favilla
1122 453 1173 500 in
1197 462 1446 518 stuppeam
1479 454 1550 500 in-

145 548 340 581 currens
359 532 630 594 materiam,
657 531 795 579 initio
822 546 1022 596 parvum
1041 539 1186 592 esset,
1211 530 1368 578 statim
1388 538 1549 578 tamen

143 611 286 674 longe
313 605 500 675 lateque
525 625 905 674 quaquaversum
941 609 992 656 in
1026 623 1224 672 magnos
1246 608 1377 672 ignes
1410 607 1550 655 flam-

144 701 425 752 marumque
457 686 625 751 globos
659 687 879 746 colluxit3
919 703 1033 735 nam
1061 685 1196 734 brevi
1230 694 1396 734 exacto
1432 695 1552 733 tem·

145 780 287 831 pone,
322 765 488 813 omnia
508 764 731 824 aedificia,
768 781 873 829 quae
900 781 987 829 per
1022 779 1160 827 agros
1184 764 1555 827 circumquaque

145 842 435 906 ijecmm,
456 842 519 890 ad
539 842 695 890 vicina
713 858 864 906 usque
885 841 1064 907 oppida
1085 839 1264 903 absque
1292 839 1556 887 munitione

146 933 308 984 sparsa
327 929 487 980 erant,
512 919 633 982 ignis
655 919 972 985 consumpsit,
998 933 1324 984 pauperesque
1354 917 1559 981 agricul-

147 1005 300 1059 tores,
325 997 416 1044 nisi
429 997 513 1062 qui
534 996 645 1061 fuga
661 997 787 1045 elabi
806 1005 1090 1063 potuerunt,
1116 1011 1377 1060 eorumque
1400 994 1554 1056 bona,

149 1073 344 1123 abducti
373 1075 450 1123 vel
478 1073 651 1141 direpti
681 1086 792 1123 sunt
821 1084 905 1123 aut
937 1073 1167 1122 incendiis
1201 1072 1458 1138 absumpti.
1490 1076 1558 1120 Ita

148 1149 283 1199 bmvi
316 1162 563 1201 momento
577 1190 590 1214 ‚
618 1153 718 1217 agri
750 1153 816 1200 illi
846 1153 927 1216 qui
953 1152 1084 1200 cultu
1114 1161 1324 1198 satorum
1346 1150 1560 1215 opulenti

150 1237 294 1294 atque
317 1228 527 1277 mdificiis
548 1231 739 1296 optimis
763 1229 1045 1295 perpulchre
1069 1229 1224 1276 ornati
1254 1228 1562 1290 instructique

152 1314 315 1367 erant,
361 1306 533 1355 deserti
567 1308 951 1372 squalentesque,
975 1305 1235 1353 combustis
1272 1315 1319 1352 et
1345 1305 1563 1352 crematis

153 1383 336 1432 cunctis
354 1384 553 1446 aedibus,
578 1386 628 1432 in
649 1384 954 1433 solitudinem
975 1393 1086 1431 sunt
1107 1382 1313 1443 redacti3
1337 1381 1564 1430 maledic—

154 1469 352 1524 tumque
381 1461 498 1508 illud
528 1462 863 1527 propheticum
895 1461 1064 1526 procul
1091 1460 1242 1508 dubio
1272 1460 1566 1526 completum

154 1547 226 1584 est
249 1555 261 1584 :
291 1557 315 1581 α
336 1540 579 1587 Convertit
600 1550 776 1587 terram
805 1556 971 1587 eorum
994 1539 1281 1587 fructiferam
1302 1540 1351 1586 in
1374 1539 1566 1602 salsugi-

156 1629 269 1662 nem
288 1617 494 1664 amentia
516 1616 834 1666 habitantium
854 1619 904 1665 in
923 1633 996 1665 ea.
1023 1638 1046 1660 n
1074 1620 1195 1665 Nam
1215 1616 1300 1664 ubi
1320 1617 1567 1682 paululum

158 1701 267 1739 ante
296 1691 447 1741 suerat
475 1695 604 1742 velut
634 1695 829 1760 quidam
861 1693 1110 1759 paradisus
1142 1694 1420 1759 voluptatis,
1458 1693 1568 1740 ubi-

160 1785 273 1834 que,
289 1771 458 1835 pmcul
481 1770 649 1831 dubio,
674 1791 698 1818 «
716 1772 933 1836 squalent
950 1771 1169 1819 abductis
1187 1787 1301 1820 arva
1322 1771 1524 1831 colonis,
1541 1790 1565 1814 n

162 1855 216 1892 ut
244 1862 334 1894 nec
361 1847 489 1911 Jam‚
516 1865 620 1914 quae
654 1865 742 1914 per
769 1849 900 1915 prius
923 1848 1103 1909 fuerat,
1140 1848 1224 1896 sed
1257 1849 1349 1896 alia
1376 1864 1570 1913 prorsus
1631 1871 1633 1873 ·

165 1922 492 1973 itinerantibus
535 1942 622 1990 per
666 1942 773 1973 eam
813 1926 967 1991 patria
1007 1941 1146 1992 posse
1192 1926 1448 1974 existimari
1490 1927 1571 1973 vi-

163 1998 346 2048 deatur.

229 2078 454 2136 Quotidie
489 2079 666 2128 flebant
697 2082 991 2128 incursiones
1006 2118 1019 2140 ‚
1049 2080 1198 2128 modo
1233 2097 1287 2128 ex
1322 2081 1575 2129 Hollandia

165 2163 213 2202 et
237 2155 478 2221 oppidulis
493 2173 531 2205 ·a
551 2157 777 2222 pontifice
808 2168 1101 2206 armatorum
1128 2158 1279 2224 copiis
1305 2160 1574 2206 communi·

167 2230 241 2292 tis,
266 2231 316 2279 in
341 2247 456 2296 agro
475 2234 859 2297 Trajectensium,
881 2245 928 2282 et
947 2236 1048 2282 vioe
1072 2251 1222 2294 versa,
1245 2233 1402 2283 donec
1419 2236 1576 2283 omni-

167 2306 259 2355 bus
286 2310 501 2375 expilatis
536 2321 584 2359 et
613 2311 815 2369 abrasis,
856 2312 974 2360 nihil
1004 2313 1104 2376 jam
1139 2311 1273 2377 quod
1306 2323 1464 2378 posset
1495 2329 1577 2378 pa-

169 2386 331 2434 tuisse¹
356 2389 552 2453 praedae,
577 2400 855 2456 superesset.
1003 2406 1009 2417 ·

232 2466 445 2514 Tentavit
484 2467 601 2516 bina
642 2469 744 2517 vice
778 2469 885 2534 pius
921 2468 1156 2534 pontifex,
1183 2485 1379 2516 suorum
1405 2470 1579 2516 civium

173 2543 531 2593 commiseratus
550 2562 757 2608 errores,
780 2546 974 2594 eosdem
993 2547 1055 2594 ad
1075 2548 1147 2595 sui
1168 2547 1491 2595 obedientiam
1513 2563 1581 2592 re-

173 2636 369 2683 vocare3
390 2633 439 2671 et
456 2622 517 2671 ad
530 2625 815 2673 monasteria
835 2625 1012 2672 civitati
1034 2625 1206 2687 vicina,
1224 2641 1420 2672 suorum
1445 2625 1581 2688 stipa-

226 2783 246 2836 .¹
259 2809 268 2818 .
299 2784 359 2820 Sic
380 2781 600 2830 Matthaeus3
620 2789 789 2834 rapuisse
811 2784 906 2823 dans
924 2785 959 2822 le
979 2798 1050 2823 τηε.
