2060 3392
0 806 14 914 ,ς

0 921 16 1039 1?

0 1065 14 1198 ἑ

0 1338 6 1374 i

0 1398 8 1434 ,⁵

638 263 783 299 LIBER
824 261 1023 298 SEXTUS.
1465 262 1539 297 107

129 347 277 414 ipsius
318 366 498 399 nomen
535 349 859 398 obedientiam
902 358 1045 412 atque
1088 347 1234 418 fidem
1275 348 1509 412 jurassent
1526 384 1539 404 ‚

130 441 419 492 magnopere
445 427 605 474 conati
637 436 749 475 sunt
777 426 955 474 clerum
992 425 1218 487 civitatis,
1252 434 1304 477 ut
1331 425 1544 473 similiter

130 502 275 550 etiam
306 501 500 563 faceret,
535 519 665 550 nunc
695 502 885 551 blandis
917 501 1247 560 sermonibus,
1280 519 1410 550 nunc
1444 519 1545 566 gra·

129 578 329 627 vissimis
349 580 803 630 comminationibus
823 579 1065 627 inducere.
1088 579 1182 627 Sed
1203 596 1315 627 cum
1329 579 1419 627 viri
1441 597 1543 644 gra·

130 672 209 706 ves
225 672 283 705 ac
302 657 511 705 timorati
534 658 746 723 quinque
762 657 1091 718 ecclesiarum,
1111 657 1261 704 divini
1279 667 1326 705 et
1346 657 1545 705 humani

123 731 244 797 juris
264 733 431 798 periti,
459 734 526 780 eis
550 733 733 797 liquido
765 733 1105 792 ostendissent,
1133 733 1273 781 salvis
1297 734 1543 781 conscien-

129 806 232 872 tiit,
256 819 454 875 propter
480 811 661 874 jurium
693 810 1068 876 prohibitiones,
1102 810 1285 873 magnis
1311 819 1358 858 et
1382 810 1544 857 sormi·

129 887 370 936 dabilibus
390 889 544 954 poenis
576 890 801 950 sancitas,
826 905 876 936 se
908 888 958 935 id
983 888 1179 935 minime
1204 887 1355 935 facere
1382 905 1542 953 posse,

128 964 353 1025 tandem,
372 966 596 1031 quamvis
629 982 658 1013 a
680 964 1136 1014 comminationibus
1158 981 1258 1012 non
1279 974 1514 1012 cessantes
1530 1001 1543 1025 ,

129 1040 428 1108 aliquantum
448 1043 688 1107 quierunt.

191 1122 453 1187 Tenmnt
484 1131 531 1168 et
570 1121 717 1169 iidem
756 1121 846 1186 ipsi
880 1130 1076 1186 perante
1106 1120 1168 1169 ab
1204 1120 1376 1168 eodem
1420 1121 1547 1168 clero

129 1206 434 1264 extorquere,
455 1208 511 1246 ut
527 1199 578 1246 in
596 1197 887 1264 quibusdam
906 1198 1040 1246 vanis
1062 1207 1110 1245 et
1128 1198 1304 1246 frivolis
1327 1198 1549 1246 crimina-

131 1274 321 1324 tionum
345 1275 585 1340 capitulis,
612 1291 731 1339 quas
753 1273 979 1322 adversus
1011 1291 1150 1323 suum
1181 1274 1460 1340 pontificem
1487 1274 1548 1321 ad

129 1353 231 1417 ejus
252 1353 603 1419 depositionem
629 1370 679 1402 se
708 1354 931 1419 prosequi
956 1353 1261 1418 jactitabant,
1289 1354 1356 1401 eis
1378 1353 1551 1400 vellent

130 1429 399 1492 adhaerere3
433 1430 751 1495 eumdemque
790 1431 998 1492 clerum,
1023 1432 1069 1478 vi
1107 1440 1153 1478 et
1184 1439 1316 1478 metu
1351 1447 1448 1476 11011
1475 1431 1548 1476 111-

125 1507 255 1571 justo
288 1517 371 1555 aut
409 1524 535 1556 vano
567 1507 793 1556 adhibitis
811 1511 848 1570 ¹,
878 1508 940 1556 ad
970 1507 1230 1573 quamdam
1266 1508 1551 1556 adhaesionis

131 1583 412 1646 formulam,
440 1603 538 1634 11011
562 1596 722 1635 tamen
744 1587 897 1652 qualis
924 1586 987 1635 ab
1017 1587 1084 1635 eis
1106 1585 1416 1652 expetebatur
1429 1623 1442 1647 ,
1467 1586 1550 1634 sed

53 1698 55 1700 -
130 1660 273 1726 longe
292 1661 577 1725 civiliorem,
603 1663 881 1728 adegerunt.
909 1666 1088 1712 Verum
1109 1681 1246 1722 cum,
1270 1680 1356 1728 per
1389 1664 1551 1711 omnia

131 1747 391 1793 salutantes
410 1740 681 1804 iniquitates
701 1742 753 1789 in
773 1758 861 1788 suo
880 1740 1131 1806 pontifice,
1163 1741 1376 1788 viderent
1399 1740 1550 1789 sede-

132 1814 273 1864 flcere
293 1817 545 1878 scrutinio,
565 1827 615 1865 et
629 1835 730 1865 sese
748 1818 953 1866 irrisioni
968 1820 1129 1884 potius
1151 1817 1353 1866 ubilibet
1370 1827 1547 1883 patere,

134 1893 253 1944 nihil
269 1895 335 1944 'de
355 1896 600 1961 conceptis
624 1896 1054 1958 criminationibus,
1080 1897 1155 1944 vel
1178 1895 1336 1944 verbis
1369 1896 1553 1944 confer-

132 1972 213 2034 tis,
238 1973 470 2022 intentare
493 1974 569 2022 vel
602 1975 825 2039 prosequi
860 1975 960 2022 ausi
996 1975 1141 2022 fuere.
1171 1974 1402 2022 Viderunt
1424 1976 1550 2022 enim

133 2049 247 2098 tales
281 2051 626 2100 concinnantes
655 2052 794 2100 dolos
831 2069 907 2113 se,
946 2052 1119 2101 talibus
1156 2054 1345 2100 innixos
1376 2052 1553 2101 dolosis

132 2128 413 2176 commentis
434 2129 669 2192 variisque
690 2128 951 2193 figmentis,
981 2131 1137 2178 omnis
1159 2129 1298 2177 solidi
1328 2145 1385 2177 ac
1408 2130 1552 2177 validi

133 2203 431 2253 fundamenti
470 2203 692 2254 firmitate
725 2205 915 2254 destitui
931 2245 943 2268 ,
976 2224 1071 2265 ,nec
1107 2206 1220 2254 inde
1248 2206 1379 2254 aliud
1414 2224 1553 2271 posse

134 2281 224 2334 nisi
256 2282 446 2332 labores
483 2292 531 2331 et
570 2299 802 2349 expensas
838 2285 1027 2333 inutiles
1058 2294 1202 2349 atque
1240 2285 1553 2348 ignominiam

133 2371 390 2427 reportare.
416 2363 617 2427 Propter
634 2362 767 2426 quod
786 2362 850 2411 ab
871 2364 1001 2411 hisce
1025 2364 1121 2411 suis
1142 2363 1323 2411 frivolis
1349 2362 1555 2414 molitio·

135 2437 275 2487 nibus
294 2439 649 2501 abstentamnt,
673 2441 738 2490 ad
756 2451 945 2507 tempus
967 2441 1193 2506 quidem;
1221 2450 1386 2506 postea
1402 2441 1550 2501 enim,

135 2514 410 2581 interposita
428 2534 515 2582 per
526 2533 610 2565 eos
625 2518 835 2582 quadam
849 2519 1168 2584 appellatione
1181 2556 1192 2578 ,
1214 2518 1274 2566 de
1291 2534 1386 2580 qua
1409 2518 1551 2582 paulo

137 2602 243 2656 post
263 2593 467 2641 locuturi
501 2612 689 2655 511111115,
720 2612 911 2651 causam
946 2612 1042 2645 suae
1077 2596 1409 2661 appellationis
1430 2595 1550 2642 duo-

193 2695 230 2732 1.
261 2697 326 2732 Sic
342 2707 414 2733 ms.
437 2704 475 2734 et
491 2696 626 2735 Matth.
646 2697 678 2735 ll
697 2698 777 2736 saut
794 2698 974 2749 suppleer
997 2698 1164 2749 quelque
1182 2697 1297 2736 chose
1323 2697 1434 2747 apres
1451 2707 1525 2733 m
1540 2725 1550 2745 ‚

138 2767 287 2795 comme
299 2771 437 2807 parum
457 2772 507 2797 ou
526 2760 724 2798 modicum.
