2060 3392
722 301 869 338 LIBER
896 301 1149 340 SEPTIMUS.
1554 303 1630 338 10⁹

706 478 1050 525 CAPH'ULUM
1083 480 1141 524 X.

421 612 476 648 De
491 623 635 648 nomm
651 613 727 660 ejus
748 613 913 649 varietate
927 626 970 649 ac
986 613 1031 648 de
1044 613 1202 662 ejusdem
1216 613 1434 651 liberalitate.

283 732 439 779 Mores
458 746 605 796 porro
627 731 773 797 ipsius
793 731 916 795 regis
939 740 1065 778 recte
1090 729 1356 777 describere
1377 745 1476 776 non
1502 728 1638 778 facile

219 808 348 858 factu
385 809 721 857 existimamus.
757 812 904 857 Erant
938 809 1068 856 enim
1107 809 1157 855 in
1197 807 1355 854 multis
1390 817 1487 855 tam
1521 807 1639 855 varii

219 895 412 950 tamque
440 886 565 934 inter
588 903 638 934 se
661 886 912 947 contrarii,
937 895 991 933 ut
1011 885 1143 949 quod
1171 886 1215 932 ei
1244 885 1543 950 potissimum
1564 884 1643 930 tri-

214 962 470 1012 buendum
490 975 648 1031 putes,
675 975 873 1030 propter
899 964 1175 1011 varietatem
1200 972 1248 1010 et
1275 962 1642 1010 inconstantiam

220 1042 299 1090 v'ix
329 1043 543 1090 invenire
574 1044 742 1108 possis.
787 1046 839 1090 ln
878 1043 1038 1090 multis
1069 1037 1181 1090 tam⁴
1199 1058 1372 1108 parcus
1405 1052 1452 1088 et
1473 1052 1638 1102 tenax,

220 1129 275 1167 ut
301 1137 413 1168 eum
444 1120 722 1168 illiberalem
758 1131 805 1168 et
843 1120 1197 1168 tenacissimum
1238 1136 1337 1167 esse
1356 1119 1639 1189 judicares3

221 1214 250 1246 e
289 1198 485 1247 diverso
518 1201 568 1246 in
617 1199 848 1248 donando
894 1199 1208 1264 quibusdam,
1246 1199 1407 1262 eisque
1446 1198 1644 1244 minime

222 1277 429 1340 meritis,
456 1289 554 1325 tam
580 1278 778 1336 effusus,
815 1287 869 1325 ut
897 1277 959 1325 ab
990 1277 1211 1343 imperito
1242 1278 1386 1340 vulgo
1421 1275 1647 1324 liberalis-

224 1354 371 1401 simus
398 1365 658 1420 putaretur.
700 1359 759 1402 Ut
788 1357 917 1403 enim
948 1357 999 1402 in
1042 1355 1251 1420 quadam
1285 1356 1335 1402 in
1357 1365 1524 1402 senatu
1544 1371 1648 1402 ora·

223 1431 356 1479 tione
398 1433 638 1496 eleganter
680 1435 867 1482 Marcus
903 1434 1100 1480 Porcius
1124 1435 1242 1480 Cato
1276 1433 1431 1496 inquit
1462 1450 1473 1478 :
1502 1452 1523 1477 α
1553 1435 1650 1481 Nos

224 1509 412 1573 pridem
449 1526 562 1558 vera
592 1526 751 1557 rerum
784 1509 1020 1558 vocabula
1052 1510 1330 1570 amisimus;
1367 1524 1480 1556 nam
1517 1508 1650 1556 bona

227 1585 383 1635 aliena
406 1588 564 1652 largiri
591 1588 870 1650 liberalitas,
894 1587 1128 1636 malarum
1157 1605 1317 1635 rerum
1338 1587 1539 1635 audacia
1568 1603 1651 1634 vo-

229 1673 364 1712 oetur
384 1655 630 1714 fortitudo.
666 1686 689 1711 »
714 1669 822 1714 Non
842 1667 973 1714 enim
995 1666 1055 1714 de
1077 1683 1165 1714 suo
1191 1666 1336 1730 regali
1359 1665 1651 1731 patrimonio

230 1740 307 1788 vel
331 1741 542 1805 legitimo
566 1743 681 1791 fisco
705 1743 906 1791 faciebat
927 1743 1261 1807 hujuscemodi
1291 1742 1585 1790 inconsultas
1606 1751 1654 1788 et

231 1815 504 1867 ¹temerarias
546 1821 844 1884 largitiones,
885 1821 971 1867 sed
1009 1820 1070 1867 de
1114 1820 1289 1866 sudore
1332 1830 1380 1866 et
1421 1819 1653 1882 sanguine

233 1888 501 1961 pauperum
531 1891 879 1961 regnicolarum
895 1934 908 1957 ,
939 1914 1062 1962 quos
1082 1897 1324 1944 immensis
1354 1907 1403 1944 et
1424 1897 1654 1962 importa-

234 1970 411 2020 bilibus
434 1975 734 2038 vectigalium
764 1985 812 2022 et
842 1975 1148 2022 collectarum
1171 1991 1255 2022 seu
1281 1973 1517 2022 talliarum
1544 1991 1657 2022 one·

236 2048 368 2097 ribus
399 2051 701 2114 aggravabat.

302 2129 356 2174 ln
383 2138 569 2176 tantum
603 2131 781 2196 quippe
813 2131 1006 2179 adauxit
1032 2131 1254 2179 collectas
1286 2132 1335 2178 in
1359 2148 1508 2195 regno
1537 2149 1625 2179 suo
1641 2170 1653 2193 ,

236 2205 370 2268 quod
406 2207 704 2271 provinciam
736 2209 1063 2269 Normanniae,
1098 2208 1159 2256 de
1199 2225 1294 2274 qua
1327 2226 1440 2256 suus
1472 2210 1659 2273 genitor

238 2282 407 2331 ultimo
446 2300 576 2332 anno
600 2286 674 2333 sui
698 2287 831 2350 regni
860 2303 959 2334 non
991 2287 1114 2334 ultra
1144 2297 1216 2334 ter
1242 2288 1420 2334 centies
1453 2287 1582 2334 mille
1607 2287 1660 2334 li-

240 2358 434 2409 brarum
461 2364 793 2424 turonensium
822 2366 931 2429 (nec
953 2366 1052 2413 ullo
1077 2376 1187 2413 ante
1208 2376 1424 2430 tempore
1455 2365 1660 2427 tantum)

240 2435 439 2498 levarat,
462 2456 612 2504 usque
636 2441 697 2488 ad
723 2441 981 2490 duodecies
1000 2453 1193 2490 centum
1216 2443 1364 2490 millia
1390 2454 1438 2490 et
1457 2443 1660 2507 amplius

239 2514 496 2570 ‚cumularit
509 2518 522 2541 ¹
536 2553 547 2563 .
581 2520 638 2564 Et
655 2519 867 2567 similiter
882 2521 1084 2586 patriam
1104 2521 1358 2569 Occitaniae
1377 2531 1660 2584 caeterasque

300 2689 338 2725 ¹.
369 2688 456 2726 Une
487 2687 602 2740 piece·
620 2692 829 2730 conservee
858 2704 929 2744 par
949 2659 1166 2731 Fontanieu
1187 2690 1452 2739 (Porteseuille
1479 2691 1556 2727 140
1584 2702 1661 2727 aux

245 2761 337 2788 mss.
359 2748 408 2787 de
434 2749 471 2788 la
489 2749 589 2789 Bibl.
612 2752 705 2804 imp.
721 2756 732 2802 )
750 2763 923 2793 eonstate
940 2767 990 2794 en
1008 2755 1099 2793 esset
1117 2754 1234 2806 qu'en
1257 2754 1360 2792 ¹480
1380 2753 1434 2790 les
1458 2752 1598 2803 impots
1615 2751 1664 2788 de

242 2809 279 2847 la
297 2810 544 2859 Normnndie‚
558 2812 624 2863 qui
637 2815 847 2853 montaient
863 2816 949 2864 deja
969 2819 991 2853 εὶ
1006 2818 1084 2856 723
1101 2818 1180 2855 085
1194 2815 1309 2853 livres
1331 2814 1518 2859 tournois,
1538 2813 1665 2852 sutem
