2060 3392
490 300 567 338 246
1050 300 1297 342 APOLOGIA
1315 328 1328 347 ,

487 390 843 455 comparatione
865 405 968 454 quae
991 387 1184 439 inferius
1203 388 1406 458 dicenda
1427 399 1594 451 erunt,
1617 407 1674 440 ex
1697 388 1899 455 quihus,

489 483 586 514 non
610 483 696 533 per
717 467 1056 530 conjecturam,
1080 465 1164 515 sed
1187 467 1324 517 certis
1343 477 1486 531 atque
1510 467 1788 520 indubitatis
1808 478 1902 520 tes-

486 543 712 606 timoniis,
735 544 866 593 nulla
889 543 1029 608 culpa
1052 553 1228 603 nostra,
1254 544 1338 595 sed
1355 561 1445 611 pro
1467 545 1569 595 zelo
1591 544 1836 601 dumtaxat
1855 554 1905 597 et

487 641 650 672 amore
663 624 850 688 justitiae
875 633 1015 689 atque
1031 623 1338 690 reipublicae,
1357 625 1457 689 ejus
1471 624 1720 678 incurrisse
1737 624 1903 708 odium

486 711 784 768 compertum
799 699 1057 754 habuimus
1073 710 1121 753 et
1138 699 1388 754 habemus.

977 901 1316 948 CAPITULUM
1351 903 1410 948 11.

763 1029 926 1069 Secunda
945 1030 1038 1067 ratio
1062 1029 1157 1067 unde
1178 1029 1271 1078 regis
1288 1028 1412 1065 odium
1430 1029 1629 1068 incanduit.

550 1155 607 1199 Et
631 1169 687 1200 ex
709 1152 783 1202 his
808 1152 1003 1220 quidem
1025 1168 1178 1201 unum
1205 1150 1461 1199 referemus
1483 1151 1639 1215 unde,
1671 1168 1783 1203 cum
1805 1152 1906 1204 omss

487 1231 719 1296 nipotenti
744 1234 846 1278 Deo
872 1229 1070 1294 obsequi
1097 1230 1291 1294 ejusque
1318 1229 1563 1294 praeceptis
1595 1244 1650 1276 ac
1681 1226 1906 1296 benepla-

487 1307 588 1353 citis
621 1306 951 1374 obtemperare
981 1305 1276 1353 studeremus
1291 1343 1303 1367 ‚
1329 1322 1418 1352 nec
1447 1305 1623 1371 regiam
1657 1315 1907 1374 propterea

486 1382 799 1431 offensionem
817 1383 915 1429 ullo
938 1382 1085 1429 modo
1102 1381 1384 1429 contrahere
1399 1379 1572 1428 debere
1591 1398 1904 1446 speraremus,
1965 1398 1972 1406 ’

487 1460 665 1507 invisos
688 1472 734 1507 et
755 1459 1117 1525 quodammodo
1148 1469 1389 1525 suspectos
1420 1458 1534 1520 sibi,
1562 1460 1777 1524 quamvis
1799 1459 1907 1508 satis

488 1536 869 1585 irrationabiliter
892 1553 980 1584 nos
1000 1537 1146 1584 factos
1170 1536 1308 1583 fuisse
1325 1537 1662 1604 comperimus.

557 1618 678 1662 Cum
702 1616 831 1663 enim
855 1614 1025 1662 urbem
1049 1618 1305 1662 Remorum
1330 1631 1387 1662 ex
1419 1616 1607 1664 civitate
1633 1624 1816 1679 nostra,
1844 1613 1906 1662 ad

435 1705 438 1709 '
490 1694 864 1741 interessendum
886 1695 999 1741 novi
1019 1693 1140 1757 regis
1162 1708 1302 1741 sacrae
1318 1693 1551 1754 unctioni,
1573 1692 1885 1757 petiissemus¹
1891 1730 1904 1754 2

489 1787 664 1834 magno
687 1771 902 1835 profecto
925 1769 1160 1817 desiderio
1187 1769 1454 1819 ferebamur
1481 1779 1528 1816 et
1548 1786 1708 1836 regem
1726 1786 1907 1817 novum

490 1864 745 1912 agnoscere
774 1858 820 1895 et
846 1847 1007 1894 videre
1022 1883 1034 1904 ,
1066 1847 1149 1910 qui
1178 1845 1304 1893 fama
1338 1844 1675 1895 tantummodo
1714 1857 1909 1911 perante

491 1925 630 1972 nobis
667 1934 808 1972 notus
841 1924 1101 1984 exstiterat,
1129 1933 1175 1970 et
1205 1932 1385 1971 tentare
1409 1923 1446 1970 si
1477 1922 1591 1988 quid
1617 1912 1748 1989 apud
1775 1940 1910 1972 suam

490 2003 804 2067 majestatem,
826 2012 924 2049 tam
947 2018 1036 2067 pro
1062 2000 1205 2048 totius
1234 1991 1367 2064 regni
1401 2017 1546 2064 quam
1582 2011 1754 2048 nostrae
1774 2001 1911 2048 mise-

490 2080 648 2127 randae
669 2079 924 2146 provinciae
953 2077 1146 2143 publica
1177 2077 1376 2126 utilitate
1409 2078 1484 2125 vel
1519 2080 1798 2143 impetrare²
1834 2078 1909 2124 vel

491 2174 736 2221 suggerere
771 2166 853 2205 aut
885 2155 1083 2202 suadere
1116 2170 1378 2221 possemus.
1420 2157 1539 2202 Nam
1578 2171 1688 2204 cum
1726 2155 1910 2202 noviter

493 2244 625 2282 tanto
649 2251 759 2281 cum
783 2234 999 2281 omnium
1022 2248 1214 2296 assensu
1245 2248 1301 2279 ac
1333 2232 1515 2295 favore,
1548 2230 1910 2298 quodammodo

493 2329 548 2359 ex
571 2312 774 2379 profugo
797 2321 843 2358 et
865 2310 1040 2368 exsule,
1062 2319 1181 2357 esset
1201 2306 1390 2357 evectus
1411 2310 1459 2355 in
1486 2312 1702 2373 regnum,
1731 2308 1910 2356 fuisset-

493 2406 585 2454 que
610 2406 696 2454 per
714 2405 867 2443 annos
886 2387 1045 2453 plures
1064 2386 1114 2432 in
1140 2387 1304 2433 illustri
1330 2386 1477 2432 domo
1501 2402 1558 2433 ac
1580 2385 1712 2433 terris
1734 2385 1910 2433 floren-

493 2467 678 2514 tissimis
707 2466 850 2513 felicis
889 2463 1231 2511 recordationis
1264 2463 1489 2529 Philippi,
1528 2463 1662 2510 ducis
1699 2465 1910 2529 Burgun-

493 2544 716 2604 dionum,
743 2541 951 2607 quadam
980 2541 1108 2588 velut
1136 2540 1186 2587 in
1217 2540 1381 2599 schola
1406 2550 1452 2586 et
1474 2537 1723 2608 disciplina
1744 2539 1910 2590 mode-

496 2623 651 2672 randae
681 2623 748 2670 rei
774 2621 974 2688 publicae
1007 2621 1317 2685 omniumque
1349 2620 1651 2668 heroicarum
1684 2621 1910 2668 virtutum

548 2794 587 2833 1.
618 2791 719 2831 Aofit
747 2791 865 2831 1461.
