2060 3392
503 264 551 300 48
863 260 1205 299 HISTORIARUM
1232 259 1471 297 LUDOVICI
1500 259 1557 296 XI

498 364 652 395 annos
689 356 935 412 pactarum
973 355 1020 393 et
1054 345 1328 393 solemniter
1355 347 1622 409 juratarum
1643 361 1759 394 cum
1796 345 1920 395 duce

500 425 690 485 Carolo,
718 435 852 490 patre
889 423 1101 488 ejusdem
1130 423 1446 489 principissae,
1490 424 1670 488 integre
1705 423 1923 473 redderet

500 513 641 567 atque
660 503 953 550 restitueret:
981 501 1246 549 indicantes
1265 501 1480 567 profecto
1516 518 1565 550 se
1588 502 1749 567 potius
1777 501 1922 551 fortu-

500 597 613 628 nam
635 590 681 628 et
697 590 920 627 eventum
950 578 1064 626 belli
1087 595 1198 626 cum
1221 595 1329 642 rege
1350 579 1491 627 malle
1518 579 1747 644 opperiri,
1775 595 1922 644 quam

500 659 560 706 de
581 659 688 706 ullis
716 675 827 705 cum
859 656 1031 704 eodem
1063 656 1284 704 ineundis
1322 656 1626 721 pactionibus
1659 657 1780 705 velle
1809 674 1923 705 con-

500 735 662 783 fidere.
701 738 770 782 Ita
792 735 932 781 enim
973 733 1138 799 opinio
1183 734 1396 795 sinistra,
1438 734 1571 798 quod
1612 752 1694 783 rex
1739 736 1921 783 nemini

500 829 715 876 unquam
755 811 900 859 fidem
917 849 929 873 ‚
972 813 1275 875 quantumvis
1323 812 1596 860 solemniter
1635 814 1919 878 promissam

499 901 640 956 atque
661 891 892 955 juratam,
922 898 1108 937 servare
1131 902 1428 952 consuesset,
1451 892 1669 939 omnium
1705 880 1919 958 ipsorum

499 969 670 1016 animis
706 968 781 1031 (ut
815 968 916 1031 jam
951 983 1073 1032 saepe
1118 967 1341 1032 diximus)
1374 969 1635 1030 insederat,
1679 978 1733 1016 ut
1760 967 1822 1021 ab
1862 984 1920 1016 ea

500 1046 629 1093 nulla
667 1046 716 1092 in
752 1044 1005 1092 adversum
1026 1045 1331 1109 persuasione
1364 1055 1446 1093 aut
1475 1045 1810 1093 exhortatione
1849 1045 1918 1093 di-

500 1123 607 1171 velli
631 1132 712 1170 aut
733 1122 966 1170 dimoveri
986 1139 1124 1188 posse
1150 1116 1440 1170 viderentur.

566 1204 622 1247 Et
656 1199 851 1264 quidem
884 1216 990 1258 rex,
1031 1199 1164 1265 quod
1199 1199 1339 1264 (cum
1375 1210 1548 1263 treugae
1586 1200 1682 1246 istae
1721 1200 1917 1248 annales

498 1278 624 1324 initae
652 1277 863 1338 fuerant,
891 1288 939 1324 et
963 1287 1151 1343 tempus
1177 1287 1224 1324 et
1247 1277 1406 1334 locus,
1433 1276 1495 1324 ad
1529 1276 1916 1324 conveniendum

498 1372 587 1421 pro
614 1356 862 1403 tractanda
895 1356 970 1403 vel
992 1372 1135 1420 pace,
1166 1356 1238 1402 vel
1265 1355 1582 1420 productione
1614 1363 1912 1418 treugarum,

499 1432 731 1496 condicti)
766 1442 959 1498 cuperet
995 1449 1163 1497 pacem
1192 1432 1458 1491 conciliari,
1491 1430 1779 1496 quibusdam
1807 1431 1918 1479 satis

498 1509 829 1575 probabilibus
859 1510 1046 1558 indiciis
1077 1499 1362 1558 ostenderat.
1403 1513 1523 1557 Nam
1552 1519 1599 1556 et
1614 1508 1800 1575 ‚militiae
1821 1525 1916 1556 suae

499 1585 814 1650 stipendiariae
844 1586 973 1633 mille
1011 1595 1058 1632 et
1096 1585 1299 1649 amplius
1333 1585 1546 1642 lanceas,
1585 1593 1695 1649 post
1730 1593 1917 1647 treugas

498 1662 776 1727 hujusmodi
799 1679 1070 1727 percussas,
1100 1664 1388 1710 cassaverat²
1402 1699 1415 1723 ,
1439 1672 1487 1709 et
1507 1659 1911 1722 Tornacensibus,

499 1741 632 1805 quod
652 1741 705 1787 in
723 1750 865 1788 antea
896 1740 1112 1806 praesidia
1142 1756 1228 1787 sua
1258 1740 1454 1787 minime
1476 1739 1711 1804 recepturi
1729 1738 1883 1786 forent
1899 1775 1912 1798 ,

499 1828 818 1877 concesserat,
860 1818 943 1866 sed
982 1835 1082 1866 sese
1125 1828 1356 1883 tanquam
1402 1817 1639 1864 neutrales
1673 1816 1931 1866 continere⁴

499 1906 721 1962 possent3
749 1905 797 1943 et
829 1896 921 1943 alia
945 1896 1180 1944 nonnulla
1213 1895 1386 1943 fecerat
1415 1905 1557 1959 atque
1582 1895 1788 1957 dixerat,
1815 1910 1921 1959 quae

498 1974 833 2033 verisimiliter,
871 1974 908 2020 si
946 1990 1046 2020 non
1078 1983 1283 2038 optasset
1313 1983 1455 2038 atque
1482 1981 1711 2038 sperasset
1739 1970 1801 2019 ad
1832 1986 1918 2036 pa-

498 2067 605 2098 cem
646 2051 722 2098 vel
772 2061 987 2114 treugam
1030 2051 1339 2115 prolixiorem
1380 2050 1599 2099 debuisse
1641 2048 1914 2114 pervenire,

499 2130 696 2177 minime
724 2129 937 2176 dicturus
961 2117 1227 2177 facturusve
1253 2129 1427 2177 fuisset.
1459 2132 1637 2176 Verum
1660 2127 1741 2174 illa
1761 2125 1919 2174 existi-

498 2207 671 2268 matio,
698 2223 844 2271 quam
869 2207 929 2254 de
960 2207 1082 2270 regis
1102 2206 1226 2254 dolis
1256 2216 1303 2253 et
1331 2205 1558 2271 perfidia,
1590 2205 1660 2251 uti
1688 2203 1916 2263 diximus,

497 2283 693 2333 infixam
710 2284 1073 2346 habebantfeos
1093 2283 1464 2349 pertinacissime
1480 2282 1699 2343 detinuit,
1715 2289 1788 2340 ut,
1808 2296 1919 2327 cum

497 2378 580 2424 eo,
606 2379 748 2428 super
776 2379 893 2427 pace
915 2362 991 2409 vel
1023 2361 1280 2427 prolixiore
1307 2371 1498 2423 treuga,
1529 2358 1716 2405 nullum
1743 2366 1933 2413 tracta-‚

496 2449 600 2486 tum
630 2450 712 2487 aut
738 2449 1030 2487 conventum
1050 2437 1219 2486 haberi
1243 2438 1443 2498 vellent,
1470 2436 1561 2483 nisi
1583 2436 1914 2500 priusterras,

496 2533 615 2580 quas
635 2527 743 2582 post
771 2516 957 2564 obitum
979 2515 1114 2563 ducis
1135 2515 1316 2575 Caroli,
1346 2523 1514 2563 contra
1537 2523 1756 2561 tenorem
1781 2511 1919 2560 inita-

550 2649 588 2684 1.
619 2648 725 2686 Cette
742 2645 944 2684 reduction
963 2653 1020 2683 est
1036 2645 1241 2696 rapportee
1259 2657 1330 2696 par
1346 2643 1657 2696 l'Interpolateur
1675 2643 1724 2682 de
1742 2643 1779 2680 la
1800 2641 1912 2680 chro-

494 2710 611 2760 nique
630 2708 875 2747 scandaleuse
894 2721 944 2746 au
962 2707 1059 2746 mois
1077 2707 1125 2744 de
1145 2719 1246 2745 mars
1265 2706 1314 2745 de
1337 2707 1488 2745 l'annee
1508 2707 1627 2745 1479.
1648 2704 1914 2755 Bibliotheque

495 2771 542 2808 de
562 2763 703 2809 l’Ecole
720 2771 787 2809 des
806 2770 971 2817 chartes,
993 2779 1022 2808 t.
1045 2771 1081 2809 11
1104 2771 1158 2819 (l,-
1178 2769 1305 2819 serie),
1325 2783 1365 2822 p.
1389 2770 1481 2808 568.
