2060 3392
688 283 835 320 LIBER
860 282 1062 319 PRIMUS.
1501 282 1577 319 335

160 373 381 436 fregisse,
420 381 564 436 atque
597 371 741 418 etiam
774 371 824 417 in
855 370 1108 434 semetipso
1132 378 1181 416 et
1211 383 1324 415 casu
1353 369 1576 433 proprio,

160 448 591 517 compertissimum
610 447 836 497 haberet!

227 531 360 590 Haec,
392 538 446 575 ut
475 527 820 587 existimamus,
848 525 1043 573 abunde
1067 523 1283 572 sufficere
1314 522 1493 571 debent
1517 526 1581 572 ad

162 565 443 655 refelleiidas
460 604 753 668 objectiones
775 619 961 663 omnes,
982 619 1087 666 quae
1105 602 1168 651 ab
1184 602 1582 650 obtrectatoribus

165 682 324 732 forsan
354 683 405 729 in
434 682 527 730 hac
550 682 750 730 materia
775 680 878 729 fieri
900 690 1109 746 possent.
1146 683 1267 729 Nam
1293 681 1426 744 quod
1454 683 1584 746 prin·
1622 740 1630 747 ·

163 761 327 826 cipum
357 760 593 807 mandatis
623 769 767 824 atque
789 768 1078 824 potestatum
1106 760 1261 824 pareri
1291 760 1578 825 praecipitur,

164 838 524 902 intelligendum
555 841 647 885 est¹
677 837 874 901 quando
906 837 1127 902 princeps
1159 837 1367 900 legitime
1398 847 1446 885 et
1472 855 1583 885 cum

165 926 297 965 ructo
320 916 491 964 ordine
510 932 664 977 suam,
689 931 837 980 quam
855 915 918 963 ad
934 915 1031 962 hoc
1058 915 1240 979 accepit
1261 931 1291 963 a
1311 918 1432 977 Deo,
1456 932 1586 962 exse-

165 995 326 1060 quitur
347 1004 646 1061 potestatem.
683 997 816 1041 Tunc
843 994 974 1040 enim
1002 993 1085 1040 tali
1117 993 1386 1058 parendum
1415 1003 1508 1053 est,
1537 1003 1587 1040 et

165 1069 314 1119 hebet
329 1072 492 1120 locum
505 1070 639 1135 quod
654 1071 826 1119 Paulus
839 1070 1084 1135 apostolus
1098 1069 1162 1117 ad
1182 1071 1439 1130 Romanos,
1459 1073 1582 1130 xm,

165 1148 234 1197 ait
252 1167 267 1197 τ
296 1167 320 1193 ιε
344 1151 440 1207 Qui
463 1150 683 1214 potestati
702 1149 889 1207 resistit,
922 1148 1010 1195 Dei
1031 1147 1323 1194 ordinationi
1344 1147 1529 1194 resistit.
1558 1165 1584 1192 n

171 1225 308 1274 Unde
328 1226 439 1275 licet
462 1226 621 1274 forsan
642 1227 746 1274 aliis
766 1225 1043 1288 subjaceant
1062 1225 1203 1284 vitiis,
1226 1233 1348 1285 tum,
1373 1224 1491 1271 dum
1511 1241 1590 1272 ac-

167 1311 308 1368 cepta
325 1319 357 1351 a
377 1306 480 1350 Deo
500 1304 708 1367 legitime
722 1318 809 1351 sua
829 1311 1030 1349 utimtur
1043 1311 1291 1367 potestate,
1313 1302 1363 1348 in
1379 1317 1439 1348 eo
1454 1303 1588 1366 quod

169 1389 399 1444 tanquam
420 1381 615 1444 legitimi
635 1381 875 1446 principes
898 1382 1152 1445 imperant,
1179 1389 1249 1427 est
1270 1379 1449 1426 eisdem
1472 1380 1588 1427 obe-

168 1452 417 1514 diendum,
447 1465 495 1502 et
521 1471 608 1520 per
632 1455 728 1502 hoc
756 1471 858 1502 non
882 1464 1069 1503 tantum
1093 1453 1238 1501 bonis
1263 1462 1311 1500 et
1341 1453 1585 1513 modestis,

169 1531 255 1579 sed
275 1533 421 1581 etiam
455 1532 661 1596 dyscolis
692 1543 742 1580 et
769 1533 884 1581 alias
914 1533 1052 1581 malis
1083 1542 1132 1580 et
1161 1533 1343 1580 vitiosis
1373 1543 1445 1580 est
1469 1533 1588 1581 obe-

168 1608 348 1658 dientia
370 1610 667 1666 exhibenda,
702 1621 757 1658 ut
779 1627 837 1659 ex
860 1612 1139 1659 auctoritate
1161 1609 1288 1658 beati
1319 1611 1441 1658 Petn'
1471 1628 1589 1676 apo-

169 1688 279 1736 stoli
299 1689 495 1737 inducta
522 1690 634 1737 satis
662 1699 875 1754 apparet.
903 1690 1026 1736 Hinc
1053 1697 1123 1736 est
1145 1688 1302 1751 quod,
1327 1705 1439 1735 cum
1465 1705 1591 1736 sum-

171 1782 280 1813 mus
289 1766 528 1828 sacerdos,
543 1782 707 1814 coram
720 1782 820 1830 quo
834 1767 967 1814 velut
977 1766 1146 1829 injure
1167 1765 1340 1812 Paulus
1349 1766 1591 1829 apostolus

170 1843 439 1903 sistebatun
464 1860 577 1892 eum
599 1844 771 1908 injuste
792 1854 839 1891 et
859 1842 1244 1891 irrationabiliter
1259 1842 1467 1906 jussisset
1487 1859 1592 1907 per·

172 1921 271 1969 cuti
296 1932 344 1970 et
369 1922 503 1983 caedi,
535 1922 694 1969 statim
722 1921 894 1968 Paulus
918 1920 1166 1986 respondit
1187 1937 1198 1966 ε
1231 1941 1254 1963 κ
1284 1921 1517 1968 Percutiet
1546 1931 1591 1968 te

174 1999 318 2059 Deus,
340 2001 495 2065 paries
509 1998 743 2047 dealbate.
764 2001 835 2046 Tu
849 1999 984 2046 sedes
999 1998 1213 2062 judicare
1232 2015 1309 2046 me
1327 1998 1591 2046 secundum

171 2077 344 2140 legem,
362 2086 408 2125 et
421 2087 590 2125 contra
599 2077 752 2140 legem
766 2076 905 2140 jubes
920 2093 998 2123 me
1018 2076 1219 2141 percuti.
1240 2095 1263 2120 n
1281 2078 1339 2123 Et
1350 2093 1461 2123 cum
1473 2076 1515 2122 ei
1527 2075 1590 2124 ab

174 2152 470 2202 adstantibus
499 2153 865 2219 exprobraretur
895 2151 1029 2216 quod
1058 2152 1374 2200 maledixisset
1401 2169 1591 2199 summo

174 2231 264 2278 Dei
286 2231 544 2291 sacerdoti,
579 2231 706 2277 illico
740 2246 789 2277 se
819 2245 1084 2294 expurgans
1112 2229 1263 2276 dixit:
1294 2249 1316 2273 α
1349 2231 1450 2292 Ego
1480 2246 1591 2276 eum

176 2324 417 2356 summum
439 2308 733 2356 sacerdotem
758 2306 1051 2366 nesciebam;
1081 2307 1307 2371 scriptum
1334 2316 1404 2353 est
1426 2307 1555 2353 enim
1576 2325 1586 2352 ε

175 2386 379 2451 principi
400 2386 566 2451 populi
589 2385 658 2432 tui
681 2400 783 2432 non
814 2383 1083 2431 maledices.
1113 2403 1137 2428 υ
1166 2385 1383 2446 (Actuum
1405 2384 1587 2431 xxlm.

177 2463 345 2511 Merito
365 2464 496 2511 enim
514 2479 644 2522 eum,
669 2462 770 2526 qui,
794 2461 964 2509 sedens
989 2461 1254 2510 secundum
1283 2462 1434 2525 legem
1463 2461 1593 2526 judi-

234 2602 274 2639 ¹,
303 2602 361 2640 En
382 2613 539 2653 margo,
566 2599 615 2638 de
637 2602 675 2638 la
701 2599 806 2638 main
830 2598 879 2638 de
898 2599 1062 2638 l’auteur
1084 2612 1094 2636 z
1121 2615 1139 2633 ι
1164 2601 1247 2637 Hoc
1264 2597 1319 2637 ita
1338 2597 1499 2649 intelligi
1518 2597 1589 2635 de-

183 2680 205 2700 «
227 2663 319 2703 bere
345 2663 437 2702 dicit
461 2672 612 2702 sanctus
638 2663 801 2701 Thomas
826 2664 992 2701 Summae
1022 2664 1081 2709 11,
1116 2669 1251 2714 quaest.
1275 2665 1350 2708 96,
1382 2669 1453 2699 art.
1478 2662 1525 2710 4,
1552 2660 1591 2697 in

185 2743 206 2763 ι
228 2726 417 2765 solutione
435 2725 599 2764 duorum
617 2725 830 2777 primorum
854 2731 1169 2777 argumentorum
1183 2754 1194 2773 ,
1218 2731 1257 2762 et
1281 2722 1395 2761 etiam
1420 2722 1460 2760 in
1484 2721 1592 2760 solu-

187 2806 206 2826 «
226 2789 330 2829 tione
346 2787 398 2828 ad
414 2788 567 2828 tertium
585 2787 801 2828 artictssum.
826 2802 846 2822 ι
