2060 3392
646 306 796 346 LIBER
822 306 1024 343 SEXTUS.
1468 306 1542 342 127

127 395 308 444 clerum
336 406 390 443 ut
409 412 504 444 suae
530 395 784 458 interjectae
814 393 1146 458 appellationi,
1171 392 1233 440 de
1252 409 1349 456 qua
1368 409 1512 458 supra
1528 431 1540 453 ‚

126 472 367 522 adherere
387 473 574 521 vellent.
602 471 694 518 Sed
717 487 826 518 cum
843 471 1102 558 prudenter
1116 469 1546 518 animadverterent

126 549 261 615 quod
280 549 612 616 hujuscemodi
633 549 889 614 appellatio
918 549 1015 596 de
999 565 1104 613 Jure
1135 548 1404 596 nullatenus
1436 548 1546 596 sub-

125 628 286 677 sistere
309 638 469 714 posset
484 665 497 689 ‚
536 627 763 692 quodque
791 626 939 675 multa
967 626 1203 713 probrosa
1236 636 1283 674 et
1313 626 1470 691 turpia
1495 627 1542 672 in

124 708 267 753 anim
283 705 419 770 pium
434 703 712 769 pontificem
728 701 822 750 ab
810 703 1014 751 mimicis
1035 703 1328 751 mendaciter
1336 701 1545 751 conficta

123 782 391 832 contineret
405 819 418 844 ,
465 782 596 830 nullo
642 791 784 846 pacto
813 780 970 829 eidem
1004 798 1053 828 se
1082 781 1356 829 adhaesuros
1388 780 1545 828 firma·

123 869 311 910 vemat.

537 1015 880 1062 CAPITULUM
914 1016 1121 1060 XXXIII.

171 1131 225 1177 De
242 1153 329 1190 pace
348 1141 434 1176 inita
454 1142 545 1176 inter
563 1141 800 1184 Ludovicum,
823 1141 980 1176 Franciae
996 1153 1126 1188 regem,
1146 1148 1178 1174 et
1200 1140 1493 1181 Maximilianum,

175 1205 178 1211 '
666 1198 816 1233 Austriae
831 1197 958 1233 ducem
977 1199 1003 1234 ¹.

191 1309 283 1358 Pax
305 1307 464 1372 igitur,
485 1318 539 1355 ut
560 1307 862 1374 praediximus
872 1310 902 1370 ²,
925 1318 973 1355 et
994 1306 1211 1354 amicitiae
1229 1304 1407 1352 foedera
1425 1305 1547 1353 inter

123 1401 283 1449 regem
316 1388 607 1433 Francorum
621 1424 633 1447 ,
670 1387 720 1434 in
757 1402 856 1450 quo
887 1395 1037 1433 totam
1077 1400 1211 1450 paene
1245 1399 1379 1449 spem
1410 1400 1546 1432 suam

122 1457 260 1513 initio
291 1463 607 1527 Trajecteuses
644 1464 843 1512 rebelles
877 1472 1188 1528 reposuerant
1203 1499 1216 1523 ,
1259 1471 1306 1510 et
1335 1462 1547 1510 Maximi·

121 1539 330 1603 limum,
373 1541 566 1589 Austriae
600 1541 800 1603 ducem,
837 1541 1033 1605 ejusque
1073 1539 1250 1588 liberos
1265 1576 1280 1601 ,
1313 1548 1459 1586 terras
1490 1556 1546 1587 ac

122 1617 361 1676 dominia,
394 1618 579 1667 firmata
607 1629 740 1680 sunt,
767 1636 852 1684 per
874 1618 1088 1666 medium
1121 1616 1472 1684 sponsaliorum
1500 1628 1546 1664 et

123 1696 384 1761 conjugalis
404 1697 685 1763 perficiendi
706 1697 895 1745 foederis
912 1697 1038 1744 inter
1053 1695 1287 1744 delfinum
1304 1694 1544 1742 Viennen-

123 1789 252 1836 sem,
279 1774 493 1838 ejusdem
514 1776 636 1839 regis
659 1771 811 1823 filium
833 1775 1050 1836 unicum,
1078 1784 1125 1822 et
1148 1774 1400 1822 dominam
1421 1775 1543 1820 Mar-

124 1860 357 1915 garciam,
394 1851 541 1901 filiam
568 1853 682 1901 dicti
703 1852 1010 1902 Maximiliani
1036 1852 1228 1900 unicam
1243 1854 1272 1898 ³.
1301 1851 1389 1898 Cui
1411 1850 1540 1911 filiae,

123 1945 213 1993 pro
242 1929 352 1976 dote
382 1939 430 1976 et
453 1930 674 1995 portione
695 1929 993 1977 haereditaria
1009 1965 1022 1989 ‚
1055 1946 1159 1994 quae
1191 1929 1336 1977 etiam
1359 1938 1546 1994 poterat

124 2007 400 2071 contingere
430 2024 537 2056 eam
569 2026 625 2057 ex
657 2008 952 2066 successione
979 2017 1196 2056 materna
1211 2045 1224 2069 ‚
1253 2007 1432 2055 scilicet
1457 2007 1544 2055 do-

123 2084 264 2132 minae
303 2086 461 2133 Mariae
475 2123 489 2148 ‚
526 2087 678 2135 unicae
715 2085 819 2134 ffliae
858 2085 1050 2147 Caroli,
1082 2086 1218 2133 ducis
1247 2085 1544 2149 Burgundio-

123 2178 271 2223 num,
308 2163 648 2213 defunctorum
680 2163 891 2230 (quibus
922 2163 1156 2231 propitius
1192 2163 1413 2227 dignetur
1445 2180 1544 2211 esse

123 2238 326 2305 Deusl),
346 2243 565 2306 assignati
585 2252 695 2290 sunt
710 2242 962 2290 comitatus
986 2240 1266 2306 Burgundiae
1287 2251 1335 2289 et
1360 2243 1544 2290 Artesiae

122 2326 273 2379 terrae,
290 2329 338 2367 et
358 2319 574 2368 dominia
597 2321 939 2368 Matisconense
956 2331 1003 2368 et
1024 2319 1443 2381 Autissiodorense‚
1465 2322 1544 2367 Sa-

122 2395 369 2460 linarum‘,
406 2399 994 2464 Barri-supra-Sequanam
1025 2407 1071 2446 et
1092 2397 1152 2445 de
1179 2399 1410 2461 quers',
1439 2414 1542 2462 quae

179 2515 219 2553 1.
249 2513 295 2552 Ni
318 2513 355 2552 le
374 2526 447 2552 ms.
467 2514 509 2552 ni
530 2512 806 2564 l’Amplissima
826 2517 991 2552 collectio
1012 2514 1197 2553 n’offrent
1227 2521 1328 2552 cette
1354 2512 1516 2550 division
1529 2540 1538 2557 ‚

124 2587 200 2627 que
216 2588 316 2614 nous
335 2577 546 2616 erfectuons
565 2577 718 2629 d’apres
734 2577 924 2616 l’autorite
943 2576 991 2615 de
1010 2577 1225 2616 Matthaeus.

176 2639 218 2678 Ξ.
248 2637 464 2688 Ci-dessus,
485 2654 526 2692 p.
549 2640 642 2680 ¹20.

179 2701 218 2741 3.
248 2700 414 2753 Mariage
432 2702 497 2752 qui
518 2702 623 2740 n'eut
645 2701 758 2754 point
768 2701 857 2739 lieu.

178 2766 216 2802 4.
249 2763 385 2803 Salius.

182 2828 225 2864 5:
251 2828 393 2876 Nyvers
409 2825 503 2863 dans
519 2827 732 2865 Matthaeus.
749 2825 848 2862 c'est
869 2823 957 2861 bien
977 2826 1138 2874 Noyers,
1160 2824 1246 2875 pres
1262 2822 1309 2860 de
1326 2824 1535 2863 Tonnerre.
