<?xml version="1.0" encoding="UTF-8"?>
<!DOCTYPE html PUBLIC "-//W3C//DTD XHTML 1.0 Transitional//EN"
    "http://www.w3.org/TR/xhtml1/DTD/xhtml1-transitional.dtd">
<html xmlns="http://www.w3.org/1999/xhtml" xml:lang="en" lang="en">
 <head>
  <title>
</title>
<meta http-equiv="Content-Type" content="text/html;charset=utf-8" />
  <meta name='ocr-system' content='tesseract 3.04.00' />
  <meta name='ocr-capabilities' content='ocr_page ocr_carea ocr_par ocr_line ocrx_word'/>
</head>
<body>
  <div class='ocr_page' id='page_1' title='image "./histoiredesrgn03basiuoft_0411.png"; bbox 0 0 2060 3392; ppageno 0'>
   <div class='ocr_carea' id='block_1_1' title="bbox 699 311 1629 349">
    <p class='ocr_par' dir='ltr' id='par_1_1' title="bbox 699 311 1629 349">
     <span class='ocr_line' id='line_1_1' title="bbox 699 311 1629 349; baseline 0.001 -2"><span class='ocrx_word' id='word_1_1' title='bbox 699 312 843 348; x_wconf 84' lang='lat' dir='ltr'>LIBER</span> <span class='ocrx_word' id='word_1_2' title='bbox 881 311 1148 349; x_wconf 82' lang='lat' dir='ltr'>SECUNDUS.</span> <span class='ocrx_word' id='word_1_3' title='bbox 1559 311 1629 349; x_wconf 73' lang='lat'><strong>36¹</strong></span> 
     </span>
    </p>
   </div>
   <div class='ocr_carea' id='block_1_2' title="bbox 212 399 1639 1698">
    <p class='ocr_par' dir='ltr' id='par_1_2' title="bbox 212 399 1639 1698">
     <span class='ocr_line' id='line_1_2' title="bbox 247 399 1635 466; baseline 0.002 -19"><span class='ocrx_word' id='word_1_4' title='bbox 247 412 251 415; x_wconf 88' lang='grc'><em>·</em></span> <span class='ocrx_word' id='word_1_5' title='bbox 282 400 474 455; x_wconf 81' lang='lat' dir='ltr'>Fallitur</span> <span class='ocrx_word' id='word_1_6' title='bbox 493 401 651 466; x_wconf 81' lang='lat' dir='ltr'><strong>itaque</strong></span> <span class='ocrx_word' id='word_1_7' title='bbox 671 410 719 449; x_wconf 90' lang='lat' dir='ltr'><strong>et</strong></span> <span class='ocrx_word' id='word_1_8' title='bbox 738 401 880 465; x_wconf 84' lang='lat' dir='ltr'><strong>longe</strong></span> <span class='ocrx_word' id='word_1_9' title='bbox 899 417 929 449; x_wconf 92' lang='lat' dir='ltr'><strong>a</strong></span> <span class='ocrx_word' id='word_1_10' title='bbox 948 401 1143 448; x_wconf 82' lang='lat' dir='ltr'><strong>veritate</strong></span> <span class='ocrx_word' id='word_1_11' title='bbox 1161 399 1367 461; x_wconf 85' lang='lat' dir='ltr'><strong>aberrat,</strong></span> <span class='ocrx_word' id='word_1_12' title='bbox 1391 401 1430 448; x_wconf 86' lang='lat' dir='ltr'><strong>si</strong></span> <span class='ocrx_word' id='word_1_13' title='bbox 1453 401 1560 466; x_wconf 90' lang='lat' dir='ltr'><strong>quis</strong></span> <span class='ocrx_word' id='word_1_14' title='bbox 1579 419 1635 450; x_wconf 81' lang='lat' dir='ltr'><strong>ex</strong></span> 
     </span>
     <span class='ocr_line' id='line_1_3' title="bbox 218 478 1637 545; baseline -0.001 -18"><span class='ocrx_word' id='word_1_15' title='bbox 218 478 626 545; x_wconf 78' lang='lat' dir='ltr'><strong>persecutionibus</strong></span> <span class='ocrx_word' id='word_1_16' title='bbox 648 488 696 527; x_wconf 90' lang='lat' dir='ltr'><strong>et</strong></span> <span class='ocrx_word' id='word_1_17' title='bbox 724 479 990 541; x_wconf 85' lang='lat' dir='ltr'><strong>calumniis,</strong></span> <span class='ocrx_word' id='word_1_18' title='bbox 1019 495 1138 545; x_wconf 87' lang='lat' dir='ltr'><strong>quas</strong></span> <span class='ocrx_word' id='word_1_19' title='bbox 1153 495 1212 526; x_wconf 85' lang='lat' dir='ltr'><strong>ex</strong></span> <span class='ocrx_word' id='word_1_20' title='bbox 1233 487 1366 544; x_wconf 89' lang='lat' dir='ltr'><strong>parte</strong></span> <span class='ocrx_word' id='word_1_21' title='bbox 1388 495 1532 544; x_wconf 88' lang='lat' dir='ltr'><strong>supra</strong></span> <span class='ocrx_word' id='word_1_22' title='bbox 1555 496 1637 526; x_wconf 88' lang='lat' dir='ltr'><strong>re-</strong></span> 
     </span>
     <span class='ocr_line' id='line_1_4' title="bbox 218 556 1636 622; baseline 0 -17"><span class='ocrx_word' id='word_1_23' title='bbox 218 556 435 620; x_wconf 78' lang='lat' dir='ltr'><strong>tulimus,</strong></span> <span class='ocrx_word' id='word_1_24' title='bbox 469 573 728 622; x_wconf 90' lang='lat' dir='ltr'><strong>cursusque</strong></span> <span class='ocrx_word' id='word_1_25' title='bbox 762 557 869 604; x_wconf 84' lang='lat' dir='ltr'><strong>vitae</strong></span> <span class='ocrx_word' id='word_1_26' title='bbox 902 557 1338 622; x_wconf 88' lang='lat' dir='ltr'><strong>quantulacumque</strong></span> <span class='ocrx_word' id='word_1_27' title='bbox 1373 558 1636 606; x_wconf 85' lang='lat' dir='ltr'><strong>mutatione</strong></span> 
     </span>
     <span class='ocr_line' id='line_1_5' title="bbox 219 634 1639 699; baseline 0.001 -17"><span class='ocrx_word' id='word_1_28' title='bbox 219 651 326 697; x_wconf 91' lang='lat' dir='ltr'><strong>nos,</strong></span> <span class='ocrx_word' id='word_1_29' title='bbox 348 635 511 683; x_wconf 89' lang='lat' dir='ltr'><strong>animo</strong></span> <span class='ocrx_word' id='word_1_30' title='bbox 535 635 708 683; x_wconf 88' lang='lat' dir='ltr'><strong>fractos</strong></span> <span class='ocrx_word' id='word_1_31' title='bbox 727 651 809 682; x_wconf 93' lang='lat' dir='ltr'><strong>seu</strong></span> <span class='ocrx_word' id='word_1_32' title='bbox 833 634 1058 699; x_wconf 85' lang='lat' dir='ltr'><strong>dejectos,</strong></span> <span class='ocrx_word' id='word_1_33' title='bbox 1077 651 1177 682; x_wconf 90' lang='lat' dir='ltr'><strong>esse</strong></span> <span class='ocrx_word' id='word_1_34' title='bbox 1193 634 1428 682; x_wconf 88' lang='lat' dir='ltr'><strong>ullatenus</strong></span> <span class='ocrx_word' id='word_1_35' title='bbox 1452 644 1534 683; x_wconf 89' lang='lat' dir='ltr'><strong>aut</strong></span> <span class='ocrx_word' id='word_1_36' title='bbox 1554 636 1639 683; x_wconf 90' lang='lat' dir='ltr'><strong>mi-</strong></span> 
     </span>
     <span class='ocr_line' id='line_1_6' title="bbox 218 712 1638 778; baseline 0.001 -18"><span class='ocrx_word' id='word_1_37' title='bbox 218 728 348 760; x_wconf 88' lang='lat' dir='ltr'><strong>seros</strong></span> <span class='ocrx_word' id='word_1_38' title='bbox 364 712 439 760; x_wconf 83' lang='lat' dir='ltr'><strong>vel</strong></span> <span class='ocrx_word' id='word_1_39' title='bbox 459 712 670 760; x_wconf 79' lang='lat' dir='ltr'><strong>infelices</strong></span> <span class='ocrx_word' id='word_1_40' title='bbox 691 713 944 775; x_wconf 81' lang='lat' dir='ltr'><strong>existimet3</strong></span> <span class='ocrx_word' id='word_1_41' title='bbox 972 712 1088 777; x_wconf 88' lang='lat' dir='ltr'><strong>quin</strong></span> <span class='ocrx_word' id='word_1_42' title='bbox 1110 712 1287 778; x_wconf 86' lang='lat' dir='ltr'><strong>potius,</strong></span> <span class='ocrx_word' id='word_1_43' title='bbox 1316 722 1370 760; x_wconf 90' lang='lat' dir='ltr'><strong>ut</strong></span> <span class='ocrx_word' id='word_1_44' title='bbox 1386 713 1638 778; x_wconf 89' lang='lat' dir='ltr'><strong>Apostolus</strong></span> 
     </span>
     <span class='ocr_line' id='line_1_7' title="bbox 217 789 1633 856; baseline 0.001 -19"><span class='ocrx_word' id='word_1_45' title='bbox 217 789 398 854; x_wconf 89' lang='lat' dir='ltr'><strong>inquit,</strong></span> <span class='ocrx_word' id='word_1_46' title='bbox 436 809 460 835; x_wconf 89' lang='lat'>«</span> <span class='ocrx_word' id='word_1_47' title='bbox 486 791 651 838; x_wconf 88' lang='lat' dir='ltr'><strong>omnia</strong></span> <span class='ocrx_word' id='word_1_48' title='bbox 689 799 907 856; x_wconf 88' lang='lat' dir='ltr'><strong>potentes</strong></span> <span class='ocrx_word' id='word_1_49' title='bbox 940 791 989 837; x_wconf 93' lang='lat' dir='ltr'><strong>in</strong></span> <span class='ocrx_word' id='word_1_50' title='bbox 1030 806 1088 837; x_wconf 94' lang='lat' dir='ltr'><strong>eo</strong></span> <span class='ocrx_word' id='word_1_51' title='bbox 1125 791 1209 854; x_wconf 91' lang='lat' dir='ltr'><strong>qui</strong></span> <span class='ocrx_word' id='word_1_52' title='bbox 1248 807 1338 838; x_wconf 90' lang='lat' dir='ltr'><strong>nos</strong></span> <span class='ocrx_word' id='word_1_53' title='bbox 1374 791 1633 854; x_wconf 78' lang='lat' dir='ltr'><strong>confortat,</strong></span> 
     </span>
     <span class='ocr_line' id='line_1_8' title="bbox 217 867 1638 932; baseline -0.003 -16"><span class='ocrx_word' id='word_1_54' title='bbox 217 867 360 916; x_wconf 78' lang='lat' dir='ltr'><strong>etiam</strong></span> <span class='ocrx_word' id='word_1_55' title='bbox 387 867 438 914; x_wconf 91' lang='lat' dir='ltr'><strong>in</strong></span> <span class='ocrx_word' id='word_1_56' title='bbox 465 867 742 932; x_wconf 90' lang='lat' dir='ltr'><strong>hujusmodi</strong></span> <span class='ocrx_word' id='word_1_57' title='bbox 765 867 1152 916; x_wconf 85' lang='lat' dir='ltr'><strong>tribulationibus</strong></span> <span class='ocrx_word' id='word_1_58' title='bbox 1177 868 1457 932; x_wconf 79' lang='lat' dir='ltr'><strong>gloriamur3</strong></span> <span class='ocrx_word' id='word_1_59' title='bbox 1487 889 1510 912; x_wconf 68' lang='grc' dir='ltr'><strong>ι»</strong></span> <span class='ocrx_word' id='word_1_60' title='bbox 1533 885 1638 932; x_wconf 84' lang='lat' dir='ltr'><strong>gra-</strong></span> 
     </span>
     <span class='ocr_line' id='line_1_9' title="bbox 217 945 1634 1012; baseline 0.001 -19"><span class='ocrx_word' id='word_1_61' title='bbox 217 945 318 1010; x_wconf 83' lang='lat' dir='ltr'><strong>tias</strong></span> <span class='ocrx_word' id='word_1_62' title='bbox 335 945 387 992; x_wconf 91' lang='lat' dir='ltr'><strong>in</strong></span> <span class='ocrx_word' id='word_1_63' title='bbox 417 945 644 994; x_wconf 90' lang='lat' dir='ltr'><strong>omnibus</strong></span> <span class='ocrx_word' id='word_1_64' title='bbox 674 949 777 994; x_wconf 90' lang='lat' dir='ltr'><strong>Deo</strong></span> <span class='ocrx_word' id='word_1_65' title='bbox 809 956 1024 1011; x_wconf 82' lang='lat' dir='ltr'><strong>agenteS,</strong></span> <span class='ocrx_word' id='word_1_66' title='bbox 1057 947 1139 1012; x_wconf 89' lang='lat' dir='ltr'><strong>qui</strong></span> <span class='ocrx_word' id='word_1_67' title='bbox 1161 962 1247 994; x_wconf 89' lang='lat' dir='ltr'><strong>sua</strong></span> <span class='ocrx_word' id='word_1_68' title='bbox 1266 947 1475 1012; x_wconf 88' lang='lat' dir='ltr'><strong>piissima</strong></span> <span class='ocrx_word' id='word_1_69' title='bbox 1498 947 1634 995; x_wconf 88' lang='lat' dir='ltr'><strong>mise·</strong></span> 
     </span>
     <span class='ocr_line' id='line_1_10' title="bbox 217 1024 1637 1091; baseline 0 -18"><span class='ocrx_word' id='word_1_70' title='bbox 217 1024 401 1073; x_wconf 87' lang='lat' dir='ltr'><strong>ratione</strong></span> <span class='ocrx_word' id='word_1_71' title='bbox 427 1042 529 1072; x_wconf 94' lang='lat' dir='ltr'><strong>non</strong></span> <span class='ocrx_word' id='word_1_72' title='bbox 557 1026 786 1091; x_wconf 89' lang='lat' dir='ltr'><strong>permittit</strong></span> <span class='ocrx_word' id='word_1_73' title='bbox 814 1043 904 1073; x_wconf 91' lang='lat' dir='ltr'><strong>nos</strong></span> <span class='ocrx_word' id='word_1_74' title='bbox 931 1026 1103 1074; x_wconf 88' lang='lat' dir='ltr'><strong>tentari</strong></span> <span class='ocrx_word' id='word_1_75' title='bbox 1132 1041 1276 1091; x_wconf 90' lang='lat' dir='ltr'><strong>supra</strong></span> <span class='ocrx_word' id='word_1_76' title='bbox 1305 1024 1438 1089; x_wconf 91' lang='lat' dir='ltr'><strong>quod</strong></span> <span class='ocrx_word' id='word_1_77' title='bbox 1465 1041 1637 1091; x_wconf 90' lang='lat' dir='ltr'><strong>possu-</strong></span> 
     </span>
     <span class='ocr_line' id='line_1_11' title="bbox 217 1103 1636 1169; baseline -0.001 -18"><span class='ocrx_word' id='word_1_78' title='bbox 217 1120 340 1166; x_wconf 90' lang='lat' dir='ltr'><strong>mus,</strong></span> <span class='ocrx_word' id='word_1_79' title='bbox 368 1121 427 1152; x_wconf 89' lang='lat' dir='ltr'><strong>eo</strong></span> <span class='ocrx_word' id='word_1_80' title='bbox 453 1105 675 1169; x_wconf 86' lang='lat' dir='ltr'><strong>juvante,</strong></span> <span class='ocrx_word' id='word_1_81' title='bbox 709 1105 959 1167; x_wconf 77' lang='lat' dir='ltr'><strong>sustinere3</strong></span> <span class='ocrx_word' id='word_1_82' title='bbox 988 1103 1071 1151; x_wconf 88' lang='lat' dir='ltr'><strong>sed</strong></span> <span class='ocrx_word' id='word_1_83' title='bbox 1102 1103 1338 1152; x_wconf 86' lang='lat' dir='ltr'><strong>facturum</strong></span> <span class='ocrx_word' id='word_1_84' title='bbox 1359 1119 1471 1150; x_wconf 88' lang='lat' dir='ltr'><strong>eum</strong></span> <span class='ocrx_word' id='word_1_85' title='bbox 1494 1103 1636 1151; x_wconf 82' lang='lat' dir='ltr'><strong>etiam</strong></span> 
     </span>
     <span class='ocr_line' id='line_1_12' title="bbox 216 1180 1637 1247; baseline -0.001 -17"><span class='ocrx_word' id='word_1_86' title='bbox 216 1180 449 1230; x_wconf 83' lang='lat' dir='ltr'><strong>audenter</strong></span> <span class='ocrx_word' id='word_1_87' title='bbox 467 1181 756 1229; x_wconf 83' lang='lat' dir='ltr'><strong>confidimus</strong></span> <span class='ocrx_word' id='word_1_88' title='bbox 773 1198 885 1229; x_wconf 92' lang='lat' dir='ltr'><strong>cum</strong></span> <span class='ocrx_word' id='word_1_89' title='bbox 896 1182 1157 1229; x_wconf 85' lang='lat' dir='ltr'><strong>tentatione</strong></span> <span class='ocrx_word' id='word_1_90' title='bbox 1168 1191 1475 1247; x_wconf 87' lang='lat' dir='ltr'><strong>proventum.</strong></span> <span class='ocrx_word' id='word_1_91' title='bbox 1493 1182 1637 1240; x_wconf 90' lang='lat' dir='ltr'><strong>Quod</strong></span> 
     </span>
     <span class='ocr_line' id='line_1_13' title="bbox 215 1258 1637 1324; baseline 0 -18"><span class='ocrx_word' id='word_1_92' title='bbox 215 1259 411 1307; x_wconf 88' lang='lat' dir='ltr'><strong>enimin</strong></span> <span class='ocrx_word' id='word_1_93' title='bbox 436 1260 653 1324; x_wconf 87' lang='lat' dir='ltr'><strong>praesenti</strong></span> <span class='ocrx_word' id='word_1_94' title='bbox 678 1269 1067 1308; x_wconf 87' lang='lat' dir='ltr'><strong>momentaneum</strong></span> <span class='ocrx_word' id='word_1_95' title='bbox 1086 1268 1156 1306; x_wconf 88' lang='lat' dir='ltr'><strong>est</strong></span> <span class='ocrx_word' id='word_1_96' title='bbox 1177 1268 1224 1306; x_wconf 92' lang='lat' dir='ltr'><strong>et</strong></span> <span class='ocrx_word' id='word_1_97' title='bbox 1245 1260 1349 1306; x_wconf 85' lang='lat' dir='ltr'><strong>leve</strong></span> <span class='ocrx_word' id='word_1_98' title='bbox 1368 1258 1637 1308; x_wconf 88' lang='lat' dir='ltr'><strong>tribulatio-</strong></span> 
     </span>
     <span class='ocr_line' id='line_1_14' title="bbox 216 1338 1636 1404; baseline 0.001 -19"><span class='ocrx_word' id='word_1_99' title='bbox 216 1338 290 1385; x_wconf 88' lang='lat' dir='ltr'><strong>nis</strong></span> <span class='ocrx_word' id='word_1_100' title='bbox 310 1348 498 1400; x_wconf 85' lang='lat' dir='ltr'><strong>nostrae,</strong></span> <span class='ocrx_word' id='word_1_101' title='bbox 530 1355 672 1404; x_wconf 90' lang='lat' dir='ltr'><strong>supra</strong></span> <span class='ocrx_word' id='word_1_102' title='bbox 707 1338 910 1386; x_wconf 91' lang='lat' dir='ltr'><strong>modum</strong></span> <span class='ocrx_word' id='word_1_103' title='bbox 938 1339 988 1386; x_wconf 91' lang='lat' dir='ltr'><strong>in</strong></span> <span class='ocrx_word' id='word_1_104' title='bbox 1013 1338 1301 1386; x_wconf 89' lang='lat' dir='ltr'><strong>sublimitate</strong></span> <span class='ocrx_word' id='word_1_105' title='bbox 1327 1349 1511 1386; x_wconf 86' lang='lat' dir='ltr'><strong>aeternae</strong></span> <span class='ocrx_word' id='word_1_106' title='bbox 1533 1339 1636 1402; x_wconf 85' lang='lat' dir='ltr'><strong>glo·</strong></span> 
     </span>
     <span class='ocr_line' id='line_1_15' title="bbox 215 1414 1637 1482; baseline 0.002 -21"><span class='ocrx_word' id='word_1_107' title='bbox 215 1415 295 1462; x_wconf 82' lang='lat' dir='ltr'><strong>riae</strong></span> <span class='ocrx_word' id='word_1_108' title='bbox 329 1414 521 1480; x_wconf 86' lang='lat' dir='ltr'><strong>pondus</strong></span> <span class='ocrx_word' id='word_1_109' title='bbox 557 1426 783 1481; x_wconf 84' lang='lat' dir='ltr'><strong>operatur</strong></span> <span class='ocrx_word' id='word_1_110' title='bbox 804 1417 852 1464; x_wconf 93' lang='lat' dir='ltr'><strong>in</strong></span> <span class='ocrx_word' id='word_1_111' title='bbox 893 1415 1035 1463; x_wconf 91' lang='lat' dir='ltr'><strong>nobis</strong></span> <span class='ocrx_word' id='word_1_112' title='bbox 1066 1433 1166 1463; x_wconf 92' lang='lat' dir='ltr'><strong>non</strong></span> <span class='ocrx_word' id='word_1_113' title='bbox 1203 1415 1637 1482; x_wconf 84' lang='lat' dir='ltr'><strong>contemplantibus</strong></span> 
     </span>
     <span class='ocr_line' id='line_1_16' title="bbox 214 1492 1637 1559; baseline 0.001 -19"><span class='ocrx_word' id='word_1_114' title='bbox 214 1507 320 1556; x_wconf 84' lang='lat' dir='ltr'><strong>quae</strong></span> <span class='ocrx_word' id='word_1_115' title='bbox 341 1492 580 1555; x_wconf 84' lang='lat' dir='ltr'><strong>videntur,</strong></span> <span class='ocrx_word' id='word_1_116' title='bbox 609 1494 690 1541; x_wconf 87' lang='lat' dir='ltr'><strong>sed</strong></span> <span class='ocrx_word' id='word_1_117' title='bbox 719 1511 824 1559; x_wconf 84' lang='lat' dir='ltr'><strong>quae</strong></span> <span class='ocrx_word' id='word_1_118' title='bbox 849 1511 948 1541; x_wconf 91' lang='lat' dir='ltr'><strong>non</strong></span> <span class='ocrx_word' id='word_1_119' title='bbox 987 1493 1223 1541; x_wconf 83' lang='lat' dir='ltr'><strong>videntur.</strong></span> <span class='ocrx_word' id='word_1_120' title='bbox 1263 1496 1379 1552; x_wconf 87' lang='lat' dir='ltr'><strong>Quae</strong></span> <span class='ocrx_word' id='word_1_121' title='bbox 1411 1494 1542 1541; x_wconf 90' lang='lat' dir='ltr'><strong>enim</strong></span> <span class='ocrx_word' id='word_1_122' title='bbox 1571 1495 1637 1541; x_wconf 88' lang='lat' dir='ltr'><strong>vi·</strong></span> 
     </span>
     <span class='ocr_line' id='line_1_17' title="bbox 213 1569 1632 1638; baseline 0.001 -20"><span class='ocrx_word' id='word_1_123' title='bbox 213 1569 405 1634; x_wconf 88' lang='lat' dir='ltr'><strong>dentur,</strong></span> <span class='ocrx_word' id='word_1_124' title='bbox 439 1572 719 1637; x_wconf 87' lang='lat' dir='ltr'><strong>temporalia</strong></span> <span class='ocrx_word' id='word_1_125' title='bbox 751 1583 883 1631; x_wconf 89' lang='lat' dir='ltr'><strong>sunt;</strong></span> <span class='ocrx_word' id='word_1_126' title='bbox 919 1589 1023 1638; x_wconf 86' lang='lat' dir='ltr'><strong>quae</strong></span> <span class='ocrx_word' id='word_1_127' title='bbox 1060 1582 1221 1621; x_wconf 87' lang='lat' dir='ltr'><strong>autem</strong></span> <span class='ocrx_word' id='word_1_128' title='bbox 1256 1588 1356 1620; x_wconf 93' lang='lat' dir='ltr'><strong>non</strong></span> <span class='ocrx_word' id='word_1_129' title='bbox 1393 1571 1632 1634; x_wconf 85' lang='lat' dir='ltr'><strong>videntur,</strong></span> 
     </span>
     <span class='ocr_line' id='line_1_18' title="bbox 212 1658 401 1698; baseline 0 -1"><span class='ocrx_word' id='word_1_130' title='bbox 212 1658 401 1698; x_wconf 84' lang='lat' dir='ltr'><strong>aeterna.</strong></span> 
     </span>
    </p>
   </div>
   <div class='ocr_carea' id='block_1_3' title="bbox 689 1848 1163 1895">
    <p class='ocr_par' dir='ltr' id='par_1_3' title="bbox 689 1848 1163 1895">
     <span class='ocr_line' id='line_1_19' title="bbox 689 1848 1163 1895; baseline -0.006 -1"><span class='ocrx_word' id='word_1_131' title='bbox 689 1848 1035 1895; x_wconf 86' lang='lat' dir='ltr'><strong>CAPITULUM</strong></span> <span class='ocrx_word' id='word_1_132' title='bbox 1085 1848 1163 1892; x_wconf 89' lang='lat'>111.</span> 
     </span>
    </p>
   </div>
   <div class='ocr_carea' id='block_1_4' title="bbox 334 1981 1514 2020">
    <p class='ocr_par' dir='ltr' id='par_1_4' title="bbox 334 1981 1514 2020">
     <span class='ocr_line' id='line_1_20' title="bbox 334 1981 1514 2020; baseline 0 -2"><span class='ocrx_word' id='word_1_133' title='bbox 334 1982 451 2019; x_wconf 81' lang='lat' dir='ltr'><strong>Prima</strong></span> <span class='ocrx_word' id='word_1_134' title='bbox 466 1983 557 2018; x_wconf 79' lang='lat' dir='ltr'><strong>ratio</strong></span> <span class='ocrx_word' id='word_1_135' title='bbox 571 1983 823 2020; x_wconf 75' lang='lat' dir='ltr'><strong>consolationis</strong></span> <span class='ocrx_word' id='word_1_136' title='bbox 837 1983 875 2018; x_wconf 86' lang='lat' dir='ltr'><strong>in</strong></span> <span class='ocrx_word' id='word_1_137' title='bbox 891 1982 1058 2018; x_wconf 85' lang='lat' dir='ltr'><strong>omnibus</strong></span> <span class='ocrx_word' id='word_1_138' title='bbox 1071 1982 1360 2019; x_wconf 78' lang='lat' dir='ltr'><strong>tribulationibus</strong></span> <span class='ocrx_word' id='word_1_139' title='bbox 1374 1981 1514 2018; x_wconf 80' lang='lat' dir='ltr'><strong>nostris.</strong></span> 
     </span>
    </p>
   </div>
   <div class='ocr_carea' id='block_1_5' title="bbox 214 2101 1636 2865">
    <p class='ocr_par' dir='ltr' id='par_1_5' title="bbox 214 2101 1636 2865">
     <span class='ocr_line' id='line_1_21' title="bbox 280 2101 1635 2170; baseline -0.001 -18"><span class='ocrx_word' id='word_1_140' title='bbox 280 2104 374 2152; x_wconf 88' lang='lat' dir='ltr'><strong>Sed</strong></span> <span class='ocrx_word' id='word_1_141' title='bbox 395 2114 464 2165; x_wconf 90' lang='lat' dir='ltr'><strong>et,</strong></span> <span class='ocrx_word' id='word_1_142' title='bbox 499 2114 667 2170; x_wconf 85' lang='lat' dir='ltr'><strong>praeter</strong></span> <span class='ocrx_word' id='word_1_143' title='bbox 695 2104 791 2151; x_wconf 89' lang='lat' dir='ltr'><strong>hoc</strong></span> <span class='ocrx_word' id='word_1_144' title='bbox 825 2103 958 2168; x_wconf 91' lang='lat' dir='ltr'><strong>quod</strong></span> <span class='ocrx_word' id='word_1_145' title='bbox 987 2102 1218 2158; x_wconf 79' lang='lat' dir='ltr'><strong>diximus,</strong></span> <span class='ocrx_word' id='word_1_146' title='bbox 1250 2101 1507 2163; x_wconf 87' lang='lat' dir='ltr'><strong>habemus,</strong></span> <span class='ocrx_word' id='word_1_147' title='bbox 1534 2118 1635 2165; x_wconf 85' lang='lat' dir='ltr'><strong>gra-</strong></span> 
     </span>
     <span class='ocr_line' id='line_1_22' title="bbox 214 2179 1630 2248; baseline -0.001 -19"><span class='ocrx_word' id='word_1_148' title='bbox 214 2181 303 2229; x_wconf 87' lang='lat' dir='ltr'><strong>tias</strong></span> <span class='ocrx_word' id='word_1_149' title='bbox 325 2183 454 2244; x_wconf 89' lang='lat' dir='ltr'><strong>Deo,</strong></span> <span class='ocrx_word' id='word_1_150' title='bbox 485 2182 629 2230; x_wconf 89' lang='lat' dir='ltr'><strong>etiam</strong></span> <span class='ocrx_word' id='word_1_151' title='bbox 662 2181 892 2248; x_wconf 90' lang='lat' dir='ltr'><strong>plurimas</strong></span> <span class='ocrx_word' id='word_1_152' title='bbox 924 2181 1276 2228; x_wconf 89' lang='lat' dir='ltr'><strong>consolationes</strong></span> <span class='ocrx_word' id='word_1_153' title='bbox 1303 2190 1351 2228; x_wconf 92' lang='lat' dir='ltr'><strong>et</strong></span> <span class='ocrx_word' id='word_1_154' title='bbox 1372 2179 1630 2244; x_wconf 87' lang='lat' dir='ltr'><strong>adjutoria,</strong></span> 
     </span>
     <span class='ocr_line' id='line_1_23' title="bbox 214 2258 1636 2325; baseline -0.002 -17"><span class='ocrx_word' id='word_1_155' title='bbox 214 2259 390 2325; x_wconf 90' lang='lat' dir='ltr'><strong>quibus</strong></span> <span class='ocrx_word' id='word_1_156' title='bbox 419 2261 507 2308; x_wconf 89' lang='lat' dir='ltr'><strong>Dei</strong></span> <span class='ocrx_word' id='word_1_157' title='bbox 542 2259 867 2308; x_wconf 87' lang='lat' dir='ltr'><strong>misericordia</strong></span> <span class='ocrx_word' id='word_1_158' title='bbox 896 2258 1170 2307; x_wconf 87' lang='lat' dir='ltr'><strong>consolatur</strong></span> <span class='ocrx_word' id='word_1_159' title='bbox 1203 2276 1316 2320; x_wconf 89' lang='lat' dir='ltr'><strong>nos,</strong></span> <span class='ocrx_word' id='word_1_160' title='bbox 1341 2259 1566 2323; x_wconf 82' lang='lat' dir='ltr'><strong>laetosque</strong></span> <span class='ocrx_word' id='word_1_161' title='bbox 1589 2268 1636 2305; x_wconf 89' lang='lat' dir='ltr'><strong>et</strong></span> 
     </span>
     <span class='ocr_line' id='line_1_24' title="bbox 214 2334 1635 2403; baseline -0.003 -18"><span class='ocrx_word' id='word_1_162' title='bbox 214 2337 472 2402; x_wconf 83' lang='lat' dir='ltr'><strong>gaudentes</strong></span> <span class='ocrx_word' id='word_1_163' title='bbox 496 2338 605 2386; x_wconf 79' lang='lat' dir='ltr'><strong>facit</strong></span> <span class='ocrx_word' id='word_1_164' title='bbox 635 2339 683 2385; x_wconf 94' lang='lat' dir='ltr'><strong>in</strong></span> <span class='ocrx_word' id='word_1_165' title='bbox 707 2336 932 2385; x_wconf 89' lang='lat' dir='ltr'><strong>omnibus</strong></span> <span class='ocrx_word' id='word_1_166' title='bbox 966 2335 1375 2403; x_wconf 87' lang='lat' dir='ltr'><strong>persecutionibus</strong></span> <span class='ocrx_word' id='word_1_167' title='bbox 1399 2345 1447 2383; x_wconf 90' lang='lat' dir='ltr'><strong>et</strong></span> <span class='ocrx_word' id='word_1_168' title='bbox 1477 2334 1635 2382; x_wconf 91' lang='lat' dir='ltr'><strong>tribu-</strong></span> 
     </span>
     <span class='ocr_line' id='line_1_25' title="bbox 214 2412 1635 2463; baseline -0.001 -2"><span class='ocrx_word' id='word_1_169' title='bbox 214 2413 471 2462; x_wconf 87' lang='lat' dir='ltr'><strong>lationibus</strong></span> <span class='ocrx_word' id='word_1_170' title='bbox 491 2415 680 2463; x_wconf 88' lang='lat' dir='ltr'><strong>nostris.</strong></span> <span class='ocrx_word' id='word_1_171' title='bbox 709 2418 765 2461; x_wconf 88' lang='lat' dir='ltr'><strong>Et</strong></span> <span class='ocrx_word' id='word_1_172' title='bbox 791 2425 842 2462; x_wconf 90' lang='lat' dir='ltr'><strong>ut</strong></span> <span class='ocrx_word' id='word_1_173' title='bbox 869 2414 1145 2462; x_wconf 88' lang='lat' dir='ltr'><strong>omittamus</strong></span> <span class='ocrx_word' id='word_1_174' title='bbox 1162 2414 1265 2461; x_wconf 89' lang='lat' dir='ltr'><strong>illas</strong></span> <span class='ocrx_word' id='word_1_175' title='bbox 1289 2412 1635 2460; x_wconf 88' lang='lat' dir='ltr'><strong>consideratio-</strong></span> 
     </span>
     <span class='ocr_line' id='line_1_26' title="bbox 215 2490 1634 2558; baseline -0.002 -20"><span class='ocrx_word' id='word_1_176' title='bbox 215 2507 326 2551; x_wconf 88' lang='lat' dir='ltr'><strong>nes,</strong></span> <span class='ocrx_word' id='word_1_177' title='bbox 374 2508 492 2557; x_wconf 89' lang='lat' dir='ltr'><strong>quas</strong></span> <span class='ocrx_word' id='word_1_178' title='bbox 528 2492 812 2558; x_wconf 83' lang='lat' dir='ltr'><strong>perpulchre</strong></span> <span class='ocrx_word' id='word_1_179' title='bbox 846 2502 892 2540; x_wconf 89' lang='lat' dir='ltr'><strong>et</strong></span> <span class='ocrx_word' id='word_1_180' title='bbox 931 2492 1125 2557; x_wconf 89' lang='lat' dir='ltr'><strong>copiose</strong></span> <span class='ocrx_word' id='word_1_181' title='bbox 1173 2491 1313 2539; x_wconf 78' lang='lat' dir='ltr'><strong>refert</strong></span> <span class='ocrx_word' id='word_1_182' title='bbox 1355 2490 1634 2537; x_wconf 90' lang='lat' dir='ltr'><strong>Guillelmus</strong></span> 
     </span>
     <span class='ocr_line' id='line_1_27' title="bbox 215 2565 1632 2633; baseline -0.003 -17"><span class='ocrx_word' id='word_1_183' title='bbox 215 2569 543 2633; x_wconf 86' lang='lat' dir='ltr'><strong>Lugdunensis</strong></span> <span class='ocrx_word' id='word_1_184' title='bbox 570 2571 619 2617; x_wconf 94' lang='lat' dir='ltr'><strong>in</strong></span> <span class='ocrx_word' id='word_1_185' title='bbox 651 2573 849 2618; x_wconf 90' lang='lat' dir='ltr'><strong>Summa</strong></span> <span class='ocrx_word' id='word_1_186' title='bbox 873 2569 934 2617; x_wconf 92' lang='lat' dir='ltr'><strong>de</strong></span> <span class='ocrx_word' id='word_1_187' title='bbox 957 2568 1231 2628; x_wconf 85' lang='lat' dir='ltr'><strong>virtutibus,</strong></span> <span class='ocrx_word' id='word_1_188' title='bbox 1269 2569 1317 2615; x_wconf 87' lang='lat' dir='ltr'><strong>in</strong></span> <span class='ocrx_word' id='word_1_189' title='bbox 1346 2577 1547 2615; x_wconf 84' lang='lat' dir='ltr'><strong>tractatu</strong></span> <span class='ocrx_word' id='word_1_190' title='bbox 1572 2565 1632 2612; x_wconf 90' lang='lat' dir='ltr'><strong>de</strong></span> 
     </span>
     <span class='ocr_line' id='line_1_28' title="bbox 214 2644 1634 2713; baseline -0.004 -19"><span class='ocrx_word' id='word_1_191' title='bbox 214 2646 439 2712; x_wconf 81' lang='lat' dir='ltr'><strong>patientia</strong></span> <span class='ocrx_word' id='word_1_192' title='bbox 464 2647 540 2711; x_wconf 85' lang='lat' dir='ltr'><strong>(ex</strong></span> <span class='ocrx_word' id='word_1_193' title='bbox 558 2647 730 2711; x_wconf 91' lang='lat' dir='ltr'><strong>quibus</strong></span> <span class='ocrx_word' id='word_1_194' title='bbox 751 2648 958 2713; x_wconf 90' lang='lat' dir='ltr'><strong>plurima</strong></span> <span class='ocrx_word' id='word_1_195' title='bbox 977 2646 1296 2694; x_wconf 88' lang='lat' dir='ltr'><strong>consolatoria</strong></span> <span class='ocrx_word' id='word_1_196' title='bbox 1326 2644 1535 2692; x_wconf 87' lang='lat' dir='ltr'><strong>remedia</strong></span> <span class='ocrx_word' id='word_1_197' title='bbox 1560 2659 1634 2690; x_wconf 90' lang='lat' dir='ltr'><strong>ac-</strong></span> 
     </span>
     <span class='ocr_line' id='line_1_29' title="bbox 215 2723 1629 2791; baseline -0.002 -21"><span class='ocrx_word' id='word_1_198' title='bbox 215 2724 451 2788; x_wconf 90' lang='lat' dir='ltr'><strong>cepimus,</strong></span> <span class='ocrx_word' id='word_1_199' title='bbox 490 2733 537 2771; x_wconf 89' lang='lat' dir='ltr'><strong>et</strong></span> <span class='ocrx_word' id='word_1_200' title='bbox 563 2724 697 2772; x_wconf 79' lang='lat' dir='ltr'><strong>sa‘cile</strong></span> <span class='ocrx_word' id='word_1_201' title='bbox 725 2741 894 2791; x_wconf 86' lang='lat' dir='ltr'><strong>capere</strong></span> <span class='ocrx_word' id='word_1_202' title='bbox 922 2735 969 2772; x_wconf 89' lang='lat' dir='ltr'><strong>et</strong></span> <span class='ocrx_word' id='word_1_203' title='bbox 999 2724 1176 2772; x_wconf 86' lang='lat' dir='ltr'><strong>habere</strong></span> <span class='ocrx_word' id='word_1_204' title='bbox 1206 2732 1361 2788; x_wconf 89' lang='lat' dir='ltr'><strong>potest</strong></span> <span class='ocrx_word' id='word_1_205' title='bbox 1399 2723 1599 2786; x_wconf 88' lang='lat' dir='ltr'><strong>quisque</strong></span> <span class='ocrx_word' id='word_1_206' title='bbox 1616 2757 1629 2779; x_wconf 90' lang='lat'>‚</span> 
     </span>
     <span class='ocr_line' id='line_1_30' title="bbox 214 2797 1629 2865; baseline -0.004 -17"><span class='ocrx_word' id='word_1_207' title='bbox 214 2801 550 2865; x_wconf 87' lang='lat' dir='ltr'><strong>qualicumque</strong></span> <span class='ocrx_word' id='word_1_208' title='bbox 572 2801 852 2849; x_wconf 86' lang='lat' dir='ltr'><strong>adversitate</strong></span> <span class='ocrx_word' id='word_1_209' title='bbox 883 2801 956 2847; x_wconf 91' lang='lat' dir='ltr'><strong>vel</strong></span> <span class='ocrx_word' id='word_1_210' title='bbox 987 2800 1293 2847; x_wconf 87' lang='lat' dir='ltr'><strong>tribulatione</strong></span> <span class='ocrx_word' id='word_1_211' title='bbox 1324 2799 1538 2864; x_wconf 88' lang='lat' dir='ltr'><strong>pulsatur</strong></span> <span class='ocrx_word' id='word_1_212' title='bbox 1557 2797 1629 2843; x_wconf 85' lang='lat' dir='ltr'><strong>vel</strong></span> 
     </span>
    </p>
   </div>
  </div>
 </body>
</html>
