2060 3392
462 227 465 230 ’
524 254 573 291 84
886 252 1225 291 msTomAnum
1252 252 1486 290 Lunovlc1
1511 253 1567 289 xi

522 359 632 390 men
669 352 715 390 et
757 342 965 406 potentia
1001 358 1112 388 ,non
1152 340 1299 388 modo
1346 342 1441 388 suis
1490 340 1712 402 subditis,
1758 340 1842 388 sed
1882 350 1929 388 et

521 420 686 467 vicinis
704 408 838 466 terris
876 418 1118 466 formidini
1150 428 1291 484 atque
1308 419 1475 466 terrori
1498 434 1685 484 semper
1717 417 1923 477 fuerant,

520 499 647 546 idem
668 515 779 545 suus
809 497 1019 562 pontifex
1050 497 1293 562 privilegia
1319 514 1515 545 suorum
1552 497 1728 544 civium
1759 495 1928 543 decur-

519 574 687 636 tabat¹,
714 591 817 639 quae
851 574 900 620 in
930 573 1138 638 quadam
1166 574 1329 622 charta
1361 574 1527 622 dicunt
1547 590 1595 621 se
1618 571 1814 634 habere,
1840 571 1927 620 ob-

518 653 691 701 servari
706 651 1040 700 inviolabiliter
1057 669 1086 700 a
1122 652 1216 700 suis
1234 651 1556 718 pontificibus,
1581 649 1699 698 dum
1720 651 1927 716 primum

517 729 565 776 in
603 729 873 778 dominium
915 738 963 776 et
991 729 1338 794 possessionem
1381 729 1540 795 patriae
1578 727 1923 791 ingrediuntur,

515 815 810 854 sacramento
839 805 1043 853 solemni
1074 806 1223 870 jurari
1245 816 1489 854 consueta.

574 883 667 931 Sed
700 883 934 948 quidquid
951 884 1152 930 exterius
1168 883 1457 948 jactitarent,
1476 883 1628 944 aliud,
1651 898 1756 946 quo
1779 881 1928 944 magis

514 960 563 1007 in
601 961 702 1024 ejus
748 959 918 1007 odium
959 959 1350 1022 exardescebant,
1395 960 1572 1008 latebat
1607 959 1697 1007 sub
1736 969 1928 1025 pectore

514 1037 744 1085 clausum.
787 1039 907 1084 Nam
947 1053 1057 1084 cum
1071 1074 1083 1098 ,
1127 1038 1197 1084 uti
1228 1036 1418 1085 aiebant
1438 1037 1519 1102 qui
1558 1053 1715 1084 mores
1751 1036 1928 1083 civium

513 1114 878 1178 Trajectensium
902 1113 964 1162 ab
1005 1114 1211 1178 antiquis
1247 1114 1541 1180 temporibus
1581 1113 1848 1179 exploratos
1881 1122 1929 1160 et

514 1192 698 1255 agnitos
736 1190 989 1253 haberent,
1025 1191 1139 1257 ipsi,
1175 1188 1340 1239 saltem
1367 1191 1520 1255 major
1549 1208 1657 1257 pars
1687 1191 1923 1256 ipsorum,

514 1268 642 1316 velut
670 1268 893 1334 praecipui
935 1277 1153 1315 auctores
1182 1284 1237 1316 ac
1265 1269 1623 1334 pertinacissimi
1657 1267 1928 1315 defensores

514 1361 700 1410 semper
724 1345 914 1392 fuerunt
941 1344 1291 1392 Hoeckensium
1318 1345 1533 1393 factionis
1566 1346 1617 1392 in
1648 1345 1782 1392 omni
1803 1344 1928 1392 circa

513 1421 731 1484 regione²
760 1440 771 1467 :
812 1437 958 1485 quam
997 1422 1110 1484 quia
1143 1421 1503 1486 quodammodo
1538 1421 1834 1488 depressisse,
1881 1431 1928 1469 et

513 1499 873 1548 Cabeliavenses
896 1498 1187 1547 extulisse'in
1227 1499 1480 1548 Hollandia
1500 1499 1777 1564 Burgundiae
1791 1502 1926 1566 prin-

513 1576 640 1641 cipes
672 1576 916 1642 Philippus
942 1586 991 1624 et
1014 1577 1211 1625 Carolus
1243 1577 1529 1638 ferebantur,
1558 1571 1782 1625 adversus
1816 1594 1920 1636 cos,

513 1662 559 1699 et
600 1663 947 1718 consequenter
993 1671 1131 1701 suum
1161 1653 1438 1720 pontificem
1467 1664 1514 1702 et
1548 1664 1696 1702 totam
1726 1654 1926 1703 domum

514 1731 818 1795 Burgundiae,
857 1731 1021 1778 odium
1055 1742 1188 1779 vetus
1229 1742 1330 1780 tum
1374 1734 1737 1797 conceperant⁸3
1786 1732 1926 1780 simul
1952 1792 1955 1800 V

512 1809 654 1856 etiam
672 1809 900 1873 quoniam
928 1826 1096 1857 eorum
1115 1811 1329 1875 potentia
1350 1827 1536 1876 semper
1572 1827 1654 1858 eos
1677 1809 1765 1858 sub
1795 1821 1925 1858 metu

512 1895 560 1933 et
580 1895 757 1933 terrore
777 1887 1110 1934 continuerat.
1151 1890 1318 1936 Vetere
1341 1889 1468 1934 enim
1490 1887 1764 1953 proverbio,
1805 1904 1925 1952 quos

514 1963 602 2028 ipsi
642 1963 939 2026 metuissent,
985 1981 1281 2029 consequens
1321 1965 1408 2012 fuit
1443 1965 1575 2029 quod
1618 1976 1666 2014 et
1704 1965 1918 2013 oderint:

517 2059 538 2084 «
569 2041 725 2097 Quem
750 2041 879 2088 enim
902 2050 1141 2102 metuunt,
1177 2040 1417 2102 oderunt,
1444 2061 1466 2087 n
1498 2043 1654 2108 inquit
1673 2043 1916 2091 comicus‘.

566 2246 604 2284 1.
635 2243 735 2296 Voy.
756 2244 959 2293 ci-dessus,
981 2259 1021 2297 p.
1044 2246 1111 2293 81,
1132 2252 1223 2284 note
1242 2247 1278 2284 1.

563 2310 602 2346 2.
636 2309 811 2359 Origine,
831 2307 925 2346 dans
942 2308 979 2346 le
997 2308 1217 2347 manuscrit.
1240 2309 1310 2347 Ces
1327 2317 1462 2359 quatre
1480 2316 1579 2348 mots
1596 2319 1803 2362 manquent
1824 2308 1918 2350 dans

508 2369 719 2409 Matthaeus.

562 2435 599 2470 3.
630 2431 829 2470 Matthaeus
846 2432 913 2470 fait
936 2444 1159 2484 remarquer
1175 2445 1251 2483 que
1271 2432 1433 2470 Thomas
1456 2434 1567 2472 Basin
1591 2434 1719 2474 donne
1744 2449 1820 2475 une
1840 2437 1918 2475 im-

506 2503 689 2546 portance
711 2494 897 2546 exageree
919 2506 969 2532 au
986 2493 1075 2532 vieil
1106 2494 1223 2546 esprit
1254 2493 1302 2531 de
1328 2494 1450 2546 parti,
1482 2493 1599 2546 qu’on
1628 2496 1685 2535 fut
1715 2495 1842 2551 oblige
1871 2498 1919 2537 de

506 2565 641 2595 mettre
659 2570 707 2595 en
725 2565 843 2595 avant
859 2556 953 2595 dans
970 2565 1069 2595 cette
1091 2556 1267 2595 occasion
1292 2570 1391 2608 pour
1416 2558 1550 2609 pallier
1569 2559 1623 2598 les
1643 2568 1736 2598 torts
1754 2561 1851 2600 reels
1869 2561 1918 2600 de

502 2619 680 2671 l’eveque
699 2618 911 2658 d’Utrecht.
1865 2652 1870 2657 .

558 2685 596 2721 [ι.
628 2681 851 2721 Matthaeus:
877 2682 1011 2731 Casus,
1041 2691 1080 2721 et
1103 2696 1151 2722 en
1182 2690 1300 2721 note:
1331 2699 1346 2716 α
1370 2683 1453 2722 Vid.
1487 2686 1644 2724 Sueton.
1670 2684 1711 2724 in
1737 2686 1914 2738 Caligul„

502 2757 588 2797 cap.
611 2758 702 2784 ΧΧΧ.
725 2761 744 2780 ι
