2060 3392
742 312 890 350 mxu
916 312 1118 350 ptumus.
1564 313 1639 350 347

226 401 428 458 oefionis
474 402 691 466 corporis
740 410 788 448 et
827 398 1075 448 bonorum
1123 417 1321 448 suorum
1368 400 1637 449 incurrisse.

228 477 355 526 Proh
382 477 514 526 nefas
541 487 589 526 et
618 477 870 542 indignum
895 476 1094 539 facinus,
1115 487 1258 543 atque
1279 493 1423 543 supra
1447 494 1644 527 omnem

225 553 544 603 barbarorum
573 554 772 602 modum
804 554 1095 602 exsecranda
1131 555 1356 619 iniquitas
1391 564 1440 602 et
1470 555 1644 602 crude-

225 630 356 681 litas!
377 635 540 697 Neque
561 633 691 680 enim
707 632 869 695 aliquo
888 632 1173 696 cujusquam
1188 632 1381 680 decreto
1394 633 1469 680 vel
1486 633 1644 680 edicto

226 710 452 776 principis
476 726 691 774 unquam
718 710 910 773 relegati
931 726 1017 757 seu
1041 709 1228 758 banniti
1258 710 1432 758 fuimus
1452 710 1526 758 vel
1546 727 1647 758 era-

225 803 357 847 mm,
382 803 472 835 nec
491 797 752 853 proventus
775 787 1091 851 spiritualium
1123 797 1396 835 nostrorum
1425 797 1540 835 tunc
1575 804 1647 836 ar-

224 865 385 913 restati
403 865 480 912 vel
502 864 718 930 impediti
740 863 883 912 nobis
911 874 1073 926 erant,
1098 875 1146 912 et
1168 866 1217 912 in
1238 866 1376 912 terris
1402 866 1501 928 regi
1530 875 1647 912 tunc

223 942 360 991 nullo
384 942 534 990 modo
556 943 760 990 inimicis
785 941 1162 991 consistebamus
1180 979 1193 1003 ‚
1223 943 1307 990 sed
1331 943 1393 990 ad
1416 959 1551 1008 quas,
1577 943 1647 990 uti

223 1019 429 1069 diximus
444 1057 458 1082 ,
489 1019 681 1086 publice
709 1037 766 1068 ac
795 1020 945 1068 libere
980 1020 1207 1068 omnibus
1234 1021 1488 1084 regnicolis
1518 1030 1648 1086 pate·

222 1095 343 1146 bant
371 1114 587 1146 accessus
615 1108 663 1145 et
699 1098 1003 1146 commercia.
1038 1101 1096 1145 Et
1131 1108 1293 1146 tamen
1326 1115 1417 1163 pro
1449 1098 1647 1146 crimine

223 1174 415 1239 capitali
435 1174 499 1222 ab
534 1175 626 1222 illis
657 1175 803 1240 aequis
822 1173 1064 1238 judicibus
1085 1173 1351 1222 ducebatur
1373 1174 1506 1239 quod
1533 1174 1648 1222 dicti

223 1261 512 1300 mercatores
534 1253 611 1301 vel
626 1269 656 1300 a
670 1253 844 1300 nostris
868 1252 931 1300 ad
951 1269 1042 1300 nos
1060 1252 1299 1317 epistolas,
1322 1252 1399 1299 vel
1423 1268 1649 1300 nummos

224 1328 526 1391 detulissent,
566 1329 741 1378 talibus
783 1329 1000 1395 profecto
1043 1330 1224 1378 meritis
1266 1330 1561 1377 incurrentes
1596 1330 1646 1376 in

223 1407 344 1456 illud
375 1409 709 1474 propheticum
742 1408 1052 1456 maledictum
1078 1425 1088 1454 :
1121 1427 1145 1453 «
1171 1406 1283 1455 Vae!
1317 1408 1402 1471 qui
1430 1407 1649 1455 condunt

222 1485 349 1551 leges
370 1487 559 1550 iniquas
573 1524 586 1549 ‚
600 1497 661 1534 >et
687 1486 948 1534 scribentes
968 1485 1246 1550 injustitiam
1273 1486 1563 1550 scripserunt
1595 1496 1649 1533 ut

223 1564 551 1629 opprimerent
567 1565 617 1611 in
631 1564 814 1628 judicio
826 1580 1079 1630 pauperes,
1101 1574 1148 1611 et
1159 1564 1259 1611 vim
1272 1563 1482 1612 facerent
1496 1581 1648 1612 causae

223 1639 479 1688 humilium
518 1642 686 1707 populi
718 1642 842 1701 mei;
877 1642 961 1705 qui
982 1641 1151 1688 dicunt
1184 1642 1372 1689 bonum
1397 1641 1578 1688 malum
1602 1651 1650 1688 et

223 1718 404 1766 malum
432 1718 620 1767 bonum
636 1756 649 1780 ,
675 1729 911 1784 ponentes
938 1720 1097 1777 lucem
1118 1719 1341 1767 tenebras
1358 1729 1407 1767 et
1428 1719 1650 1767 tenebras

223 1794 398 1849 lucem.
437 1796 567 1855 Quid
589 1796 768 1844 facietis
789 1797 841 1843 in
868 1797 946 1844 die
975 1796 1255 1844 visitationis
1290 1806 1338 1843 et
1371 1796 1650 1845 calamitatis

225 1871 288 1920 de
315 1873 459 1937 longe
494 1874 780 1922 venientes?
815 1873 902 1922 Ad'
919 1874 1054 1938 cujus
1086 1874 1369 1938 confugietis
1392 1875 1649 1923 auxilium?

225 1959 317 1998 etc.
348 1971 372 1995 n

289 2027 383 2075 Sed
413 2038 462 2076 et
487 2029 606 2076 alius
631 2028 862 2077 honestus
887 2029 1004 2076 civis
1044 2028 1463 2093 Rothomagensis‚
1506 2028 1650 2077 nobis

225 2104 466 2155 affinitatis
505 2108 861 2173 propinquitate
901 2109 1211 2172 conjunctus,
1254 2109 1524 2156 vicinorum
1566 2108 1650 2156 de-

225 2184 414 2232 territus
431 2186 609 2250 poenis,
635 2195 803 2234 contra
827 2202 946 2250 quas
966 2185 1057 2233 sibi
1083 2186 1269 2234 nullum
1287 2187 1406 2251 juris
1421 2186 1647 2234 auxilium

226 2261 302 2309 vel
322 2263 590 2311 remedium
609 2279 709 2312 esse
744 2263 922 2312 sciebat
940 2301 954 2325 ‚
985 2280 1045 2311 eo
1068 2264 1200 2328 quod
1226 2275 1274 2312 et
1304 2266 1523 2312 conscius
1557 2263 1647 2312 sibi

226 2349 347 2388 esset
368 2340 431 2388 ad
458 2358 566 2403 nos,
586 2342 727 2389 simili
747 2342 1148 2390 commerciorum
1170 2341 1386 2390 libertate
1407 2351 1645 2400 currente,

227 2432 453 2465 nummos
474 2418 660 2483 aliquos
696 2418 916 2467 detulisse
941 2419 991 2465 in
1026 2418 1331 2466 Brabantiam
1347 2456 1361 2480 ,
1388 2419 1649 2484 prudenter

227 2493 626 2543 calumniatorum
647 2506 790 2561 atque
815 2512 1154 2562 oppressorum
1186 2497 1497 2544 innocentum
1522 2496 1647 2544 furo·

227 2587 330 2619 rem
363 2574 681 2637 praeveniens,
717 2574 896 2638 jactato
927 2574 1142 2622 similiter
1176 2574 1227 2622 in
1263 2590 1433 2622 eorum
1474 2590 1647 2622 manus

228 2655 404 2713 magno
442 2650 545 2698 auri
582 2651 774 2717 pondo,
816 2651 895 2698 vix
933 2667 995 2699 ne
1035 2651 1085 2699 in
1123 2666 1362 2700 carcerem
1404 2661 1647 2715 raperetur

228 2727 399 2788 evasit,
436 2743 622 2793 semper
642 2738 802 2776 tamen
834 2729 1002 2776 anxius
1027 2744 1226 2776 manens
1245 2739 1291 2775 et
1312 2728 1487 2776 dubius
1510 2745 1571 2775 ne
1595 2729 1644 2775 in

229 2803 330 2851 dies
365 2804 439 2851 vel
473 2803 535 2852 ab
559 2804 760 2866 eisdem,
793 2805 868 2853 vel
890 2804 953 2853 ab
978 2805 1082 2852 aliis
1115 2805 1251 2852 novis
1291 2805 1643 2865 commissariis,
