2060 3392
439 320 515 356 304
1016 314 1284 359 women,

437 406 702 454 custodiam
724 404 993 469 praesecerat
1007 405 1018 427 ¹
1043 403 1125 449 illo
1152 413 1266 449 tunc
1286 418 1397 448 cum
1419 416 1700 464 germanum
1720 417 1879 448 suum.

437 484 688 550 expulisset
712 481 1021 529 Normannia.
1058 483 1112 527 In
1138 489 1321 527 tantum
1353 478 1493 541 igitur
1522 478 1622 543 ipse
1645 477 1861 527 elationis

437 572 483 609 et
506 561 783 624 arrogantiae
813 569 1002 606 evectus
1025 568 1094 605 est
1115 567 1377 615 tumorem,
1404 565 1456 603 ut
1478 555 1659 602 dictum
1678 555 1861 603 fatuum

439 639 630 696 fratrem
655 638 794 685 suum
822 635 883 683 ad
906 635 1154 682 ecclesiam
1178 643 1391 681 nostram
1410 633 1564 681 facere
1587 632 1861 698 promoveri

437 716 546 763 totis
577 714 759 762 viribus
788 722 1058 772 conaretur,
1099 712 1256 777 ipsum
1278 712 1421 758 etiam
1453 710 1517 758 ad
1550 711 1646 757 hoc
1681 709 1860 758 ididem

436 793 629 858 praefato
663 808 749 838 suo
795 791 944 856 impio
984 791 1198 854 genitore
1244 790 1549 837 vehementer
1592 789 1861 854 stimulante

436 882 577 935 atque
600 869 895 934 impellente,
933 869 1017 933 qui
1043 886 1136 915 suae
1165 885 1252 933 per
1272 866 1604 931 hujuscemodi
1627 867 1756 914 viam
1786 876 1862 914 ut-

436 964 640 1012 cumque
659 946 923 994 satisfacere
942 946 1189 1012 cupiditati
1213 944 1469 1008 satagebat.
1504 943 1725 993 Praefatus
1745 960 1860 992 vero

436 1025 535 1089 ejus
563 1024 714 1083 filius,
744 1023 899 1087 regius
931 1023 1112 1071 satelles
1129 1059 1141 1083 ‚
1174 1033 1356 1070 tantam
1378 1022 1509 1088 apud
1530 1038 1691 1085 regem
1709 1057 1721 1081 ,
1748 1037 1860 1068 cum

436 1103 535 1168 ipse
556 1113 718 1150 tamen
737 1099 837 1148 non
859 1101 989 1148 aliud
1008 1117 1155 1165 quam
1175 1100 1576 1166 petulantissimus
1595 1109 1737 1163 atque
1758 1108 1859 1146 tur·

435 1182 680 1246 pissimus,
705 1179 921 1227 ebriosus
945 1190 992 1227 et
1016 1195 1178 1226 scurra
1200 1188 1319 1225 esset
1336 1215 1348 1239 ,
1374 1179 1573 1241 gratiam
1594 1178 1855 1237 invenerat,

434 1270 488 1306 ut
511 1260 609 1324 ipse
632 1276 714 1306 rex
748 1258 1011 1322 quidquam
1042 1257 1221 1319 ferme,
1252 1256 1385 1321 quod
1428 1256 1490 1303 ab
1527 1273 1586 1303 eo
1619 1265 1855 1321 posceret,

436 1355 608 1402 negare
631 1338 830 1384 minime
859 1354 997 1402 posse
1026 1353 1055 1384 a
1077 1337 1238 1383 multis
1267 1346 1528 1402 putaretur,
1555 1336 1620 1384 ita
1643 1335 1859 1400 profecto

438 1425 491 1462 ut
522 1414 749 1463 maleficis
785 1424 831 1461 et
859 1414 1095 1461 damnatis
1122 1414 1304 1462 artibus
1331 1414 1397 1461 sic
1419 1431 1593 1478 regem⁴
1611 1413 1861 1462 fascinasse

434 1502 481 1540 et
503 1492 553 1539 in
576 1501 858 1557 potestatem
881 1491 1116 1555 accepisse
1151 1491 1456 1556 quamplures
1482 1508 1592 1538 eum
1625 1491 1860 1538 existima-

435 1579 558 1617 rent.
591 1572 790 1634 Propter
829 1585 961 1632 quae,
994 1568 1175 1614 nedum
1202 1567 1263 1615 ab
1287 1567 1624 1615 humilioribus
1664 1577 1712 1614 et
1746 1567 1860 1615 infe-

434 1647 616 1693 riorum
638 1646 864 1692 ordinum
887 1645 1073 1706 aulicis,
1111 1645 1195 1692 sed
1218 1645 1362 1692 etiam
1391 1661 1420 1692 a
1441 1644 1824 1709 quibuscumque
1841 1681 1854 1705 ‚

434 1724 617 1786 magnis
652 1724 796 1770 etiam
818 1721 1124 1787 principibus
1163 1732 1211 1769 et
1247 1722 1455 1769 dominis
1474 1758 1486 1781 ,
1525 1721 1779 1770 verebatur
1813 1732 1861 1770 et

434 1801 796 1866 quodammodo
824 1800 1190 1848 formidabatur.

499 1880 645 1943 Igitur
663 1890 717 1926 ut
746 1896 775 1927 a
798 1897 847 1926 se
875 1880 1142 1944 concupitis
1167 1879 1342 1926 nefarie
1364 1880 1507 1945 potiri
1529 1889 1713 1944 posset,
1741 1879 1859 1943 regi-

434 1974 545 2004 men
581 1967 816 2004 terrarum
857 1957 1065 2004 ecclesiae
1109 1966 1296 2016 nostrae,
1343 1957 1393 2003 in
1433 1956 1607 2021 quibus
1649 1956 1859 2004 universi

435 2050 568 2099 paene
597 2034 743 2099 ipsius
778 2033 1043 2080 consistunt
1065 2043 1349 2098 proventus,
1376 2051 1405 2081 a
1429 2051 1537 2097 rege
1559 2033 1692 2081 dono
1717 2049 1859 2080 acce-

434 2112 525 2176 pit;
565 2127 767 2175 quarum
804 2111 981 2158 fructus
1016 2120 1062 2157 et
1099 2111 1276 2158 reditus
1317 2112 1412 2158 suis
1461 2110 1649 2159 nefariis
1695 2109 1858 2158 usibus

434 2189 699 2254 applicans,
726 2189 921 2236 eosdem
943 2187 1004 2235 ad
1036 2204 1125 2236 nos
1149 2188 1259 2235 totis
1291 2187 1471 2235 viribus
1502 2178 1858 2252 impugnandos

435 2265 774 2330 expendebat².
804 2268 862 2311 Et
882 2282 1011 2327 cum,
1034 2265 1084 2311 in
1106 2264 1293 2312 civitate
1318 2275 1480 2326 nostra
1501 2265 1754 2324 exsistens,
1785 2264 1858 2311 in·

435 2342 683 2390 tellexisset
708 2360 814 2402 nos,
838 2352 1032 2408 accepta
1053 2358 1082 2390 a
1104 2359 1214 2405 rege
1245 2341 1333 2406 (uti
1355 2341 1620 2406 retulimus)
1645 2342 1852 2400 licentia,

436 2418 569 2466 brevi
602 2419 665 2466 ad
695 2420 873 2482 regiam
900 2419 1081 2466 curiam
1108 2420 1210 2466 fore
1239 2435 1295 2465 ex
1323 2419 1568 2466 Catalonia
1600 2418 1852 2479 redituros,

437 2498 610 2545 veritus
636 2514 695 2544 ne
719 2498 965 2562 praesentia
997 2507 1158 2544 nostra
1180 2513 1290 2544 suos
1310 2513 1484 2562 pravos
1508 2507 1758 2544 evacuaret
1774 2513 1857 2545 co-

440 2584 578 2622 natus
601 2584 742 2638 atque
761 2575 1009 2621 molimina
1023 2611 1036 2635 ,
1062 2574 1190 2621 illico
1210 2589 1416 2638 propero
1435 2584 1482 2622 et
1505 2574 1696 2622 concito
1715 2591 1856 2622 cursu

494 2753 531 2789 1.
561 2749 655 2789 Voir
672 2749 727 2788 les
743 2749 871 2801 pieces
890 2749 943 2788 du
959 2753 1025 2789 1v⁶
1043 2750 1214 2791 volume.

491 2814 532 2852 2.
561 2812 653 2851 Voir
667 2813 723 2851 les
738 2812 865 2863 pieces
883 2812 1143 2860 justificatives
1162 2814 1184 2850 a
1203 2813 1279 2851 l'an
1303 2814 1424 2852 1469.
