2060 3392
687 277 831 315 LIBER
858 277 1062 317 PRIMUS.
1508 274 1584 312 2⁹?

626 449 968 495 CAPlTULUM
1000 449 1124 493 XIV.

349 579 403 614 De
418 577 521 614 novis
538 574 712 613 mandatis
727 575 833 624 regiis
845 584 879 611 et
890 574 994 611 dictae
1005 575 1153 612 licentiae
1168 574 1405 611 revocatione.

204 684 207 685 ⁷
232 698 355 749 Cum
370 711 504 755 vern,
527 705 582 743 ut
600 696 919 761 praediximus,
942 695 1043 759 ejus
1058 695 1250 743 licentia
1274 695 1396 757 freti,
1420 713 1590 762 spera-

167 770 326 822 remus
348 771 529 838 absque
547 773 645 821 ulla
665 773 976 834 haesitatione,
998 773 1155 820 statim
1175 783 1414 821 transacto
1437 773 1593 821 domi-

166 851 286 899 nioee
297 850 668 899 Resurrectionis
681 851 798 899 festo
809 854 839 912 ¹,
856 851 919 899 ad
938 851 1085 917 ipsius
1102 850 1258 898 redire
1277 851 1588 914 majestatem,

167 938 222 977 ut
237 926 443 978 subinde
464 930 541 977 vel
557 930 608 976 in
631 930 829 977 ecclesia
852 940 1031 989 nostra,
1057 930 1134 977 vel
1151 945 1459 994 quocumque
1478 929 1594 977 alibi

164 1006 311 1056 nobis
335 1007 644 1067 collibuisset,
670 1007 819 1055 libere
840 1018 887 1055 et
910 1008 1163 1073 tranquille
1183 1008 1347 1055 liceret
1367 1008 1590 1068 residere,

167 1096 225 1134 et‘
243 1085 334 1134 sub
364 1086 534 1135 eadem
564 1103 647 1152 spe
676 1103 763 1152 per
793 1087 1032 1134 muliones
1064 1086 1167 1151 (qui
1196 1102 1379 1133 merces
1407 1096 1596 1135 vectare

166 1165 322 1213 solent
336 1165 397 1213 de
412 1165 718 1231 Pei-piniano)
737 1165 1124 1230 praemisissemus
1142 1163 1431 1227 Lugdunum
1447 1163 1598 1212 libros

168 1254 216 1292 et
237 1254 391 1292 vestes
415 1259 708 1308 omnemque
730 1243 1104 1309 suppellectilem
1126 1252 1357 1303 nostram,
1379 1251 1593 1308 repente,

168 1322 313 1386 longe
345 1338 479 1369 secus
502 1338 559 1369 ac
581 1337 956 1387 speraveramus,
991 1321 1054 1368 ad
1083 1337 1174 1368 nos
1207 1320 1410 1369 sabbato
1432 1330 1598 1368 sancto

169 1399 355 1448 Paschae
393 1416 521 1448 nova
555 1401 693 1464 regiae
743 1399 1067 1465 dispositionis
1109 1399 1339 1446 mandata
1382 1399 1599 1446 nuntiata

169 1488 295 1526 sunt.
322 1478 490 1526 Missus
511 1478 642 1525 enim
667 1494 754 1543 per
779 1494 941 1541 regem
959 1477 1158 1541 quidam
1178 1477 1252 1524 vir
1273 1476 1467 1536 nobilis,
1494 1480 1602 1525 Ber-

171 1551 369 1603 trandus
389 1555 451 1602 de
474 1553 521 1602 Ιὰ
545 1554 708 1614 Jaille,
736 1554 797 1602 de
821 1554 1133 1618 Andegavia',
1160 1554 1338 1601 litteras
1362 1553 1504 1601 nobis
1527 1570 1601 1600 re-

171 1633 271 1697 gias
294 1632 525 1692 reddidit,
559 1649 664 1696 quae
702 1649 838 1680 novae
866 1632 1117 1696 legationis
1147 1649 1237 1679 nos
1264 1648 1411 1678 onere
1442 1631 1602 1694 fatiga-

169 1709 290 1759 bant
310 1720 358 1758 et
386 1709 728 1758 coarctabant:
752 1709 973 1756 videlicet
1002 1719 1056 1756 ut
1082 1710 1145 1757 ad
1177 1709 1351 1757 ducem
1372 1707 1602 1756 Calabriae

172 1788 461 1848 Johannem,
497 1788 638 1836 bonae
672 1789 957 1847 memoriae'‚
995 1798 1043 1836 et
1073 1787 1245 1835 urbem
1285 1788 1603 1836 Barcinonam

229 1917 269 1955 1.
299 1918 450 1967 Ρεὶφιεε
469 1915 602 1954 tomba
618 1916 656 1954 le
673 1918 722 1954 17
743 1916 841 1954 avril
861 1929 910 1954 en
930 1918 1051 1956 1468.

228 1980 270 2017 2.
298 1980 406 2018 eene
429 1979 571 2019 famine
584 2009 595 2026 ‚
622 1979 689 2031 qui
718 1993 759 2017 se
790 1988 1008 2032 transporta
1036 1979 1171 2032 depuis
1201 1994 1251 2018 en
1269 1980 1461 2019 Touraine
1473 2009 1486 2029 ,
1514 1979 1606 2018 etait

174 2040 459 2080 effectivement
486 2041 694 2094 originaire
722 2042 771 2081 de
799 2043 971 2091 l'Anjou.
998 2043 1186 2081 Bertrand
1211 2043 1260 2081 de
1280 2046 1336 2082 La
1358 2043 1495 2090 Jaille,
1524 2043 1602 2081 sei-

175 2116 299 2156 gneur
326 2103 375 2142 de
400 2107 455 2142 La
479 2103 763 2154 Rochetailbot,
784 2106 889 2143 avait
915 2119 969 2144 un
993 2114 1156 2157 parent,
1181 2106 1313 2144 Pierre
1332 2105 1381 2143 de
1401 2109 1457 2144 La
1476 2105 1602 2152 Jaille,

175 2166 298 2219 grand
318 2165 562 2206 chambellan
584 2167 634 2205 de
649 2168 758 2206 Rene
778 2166 962 2221 ffAnjou,
983 2169 1050 2219 qui
1068 2168 1201 2207 devint
1221 2168 1344 2220 grand
1359 2167 1539 2207 senechal
1557 2167 1606 2206 de

176 2231 398 2277 Provence3
426 2237 464 2267 et
491 2242 545 2267 un
574 2238 709 2276 autre,
734 2230 935 2269 Hardouin
955 2230 1003 2269 de
1030 2234 1085 2269 La
1107 2231 1234 2278 Jaille,
1259 2231 1372 2279 emit,
1400 2244 1449 2269 en
1482 2233 1604 2279 1471,

177 2290 281 2330 huilli
310 2291 360 2330 de
378 2291 595 2331 Chaumont
621 2306 671 2331 en
698 2293 898 2346 Bassigny,
926 2306 975 2331 en
1003 2295 1130 2332 meme
1152 2302 1276 2346 temps
1302 2306 1380 2345 que
1406 2293 1610 2332 conseiller

177 2352 232 2392 du
249 2353 325 2392 duc
340 2353 389 2393 de
403 2353 578 2394 Calabre.

233 2418 273 2456 3.
289 2418 348 2455 En
362 2420 480 2465 1467,
500 2418 555 2456 les
569 2418 830 2467 Barcelonais,
843 2418 1094 2471 perseverant
1110 2418 1205 2457 dans
1219 2419 1305 2457 leur
1317 2419 1465 2458 revolte
1475 2427 1607 2456 contre

178 2477 217 2517 le
246 2478 306 2517 roi
331 2481 449 2526 Jean,
476 2480 630 2519 avaient
658 2482 802 2536 appele*
823 2483 846 2519 a
878 2482 916 2520 la
948 2495 1145 2520 couronne
1170 2481 1366 2534 d'Aragon
1392 2481 1429 2520 la
1460 2481 1607 2519 maison

180 2540 347 2590 d’Anjou
364 2542 431 2592 qui
448 2556 475 2594 y
496 2543 600 2581 avait
615 2542 683 2581 des
701 2543 834 2582 dmits.
856 2547 911 2583 Le
929 2545 989 2583 roi
1010 2545 1134 2592 Rene,
1160 2544 1318 2596 n'ayant
1341 2557 1395 2595 pu
1413 2543 1508 2581 faire
1524 2551 1609 2581 acte

181 2602 231 2641 de
242 2603 471 2655 pretendant
489 2607 511 2643 a
532 2618 647 2644 cause
665 2605 715 2644 de
732 2619 803 2644 son
821 2606 944 2659 grand
965 2608 1050 2660 age,
1071 2618 1224 2658 envoya
1243 2608 1266 2644 a
1283 2619 1324 2645 sa
1339 2606 1447 2658 place
1461 2618 1530 2642 son
1550 2604 1607 2642 fils

180 2667 294 2712 Jean,
313 2664 390 2704 duc
407 2665 455 2704 de
476 2667 660 2706 Lori-aine
675 2677 714 2706 et
731 2668 780 2707 de
796 2668 973 2717 Calabre,
992 2669 1087 2708 dont
1105 2669 1132 2707 il
1153 2678 1210 2706 est
1228 2669 1405 2720 question
1424 2667 1488 2705 ici.
1512 2669 1607 2704 Jean

181 2725 351 2775 d’Anjou
375 2740 513 2779 exet-ca
536 2731 559 2767 a
576 2730 803 2779 Barcelone,
822 2731 993 2783 pendant
1017 2732 1108 2770 trois
1126 2744 1195 2769 ans
1215 2740 1254 2770 et
1277 2731 1395 2776 demi,
1417 2729 1607 2767 l'autorite

180 2790 327 2841 royale,
355 2803 404 2829 au
436 2804 526 2830 nom
553 2792 602 2831 de
621 2806 693 2834 son
722 2794 837 2844 pere,
863 2794 1091 2833 s’intitulant
1117 2794 1217 2832 dans
1247 2807 1307 2831 ses
1331 2801 1434 2831 actes
1470 2792 1607 2841 Infans
