2060 3392
620 282 767 319 LIBER
793 281 996 320 SEXTUS.
1461 289 1512 326 65

96 371 166 419 aie
190 369 324 436 quod
351 385 451 418 nec
478 383 591 417 eum
611 367 826 434 profecto
856 367 980 431 juvit
1014 366 1253 432 dignitatis
1275 386 1508 436 praeroga-

97 448 210 511 tiva,
234 466 259 493 «
282 463 372 494 nec
387 446 613 512 Apollinis
635 444 787 492 infula
803 445 987 504 texit»,
1013 455 1066 492 ut
1086 455 1201 493 tunc
1222 446 1389 511 dignas
1411 466 1510 497 sce-

95 525 206 573 leris
224 540 390 590 poenas
412 524 487 572 vel
509 522 722 571 differre'
741 522 815 570 vel
838 522 1040 570 evadere
1061 524 1284 588 potuerit.

162 601 268 649 Fuit
287 610 446 650 autem
468 610 515 648 et
538 601 589 648 in
610 616 670 648 eo
698 599 906 646 tumultu
928 600 1250 665 deprehensus
1269 602 1512 651 Johannes

99 678 335 744 Baptista,
360 679 476 725 certi
510 677 697 725 numeri
725 676 929 724 militum
962 679 1238 743 capitaneus
1270 696 1328 727 ex
1361 682 1511 747 copiis

97 771 301 822 quarum
348 757 665 820 Hieronymus
705 771 867 802 comes
909 755 1177 806 antedictus
1215 757 1443 807 ducatum
1484 777 1512 808 a

96 848 287 895 summo
306 834 533 900 pontifice
553 831 779 882 habebat.
802 833 896 891 Qui
909 872 923 891 ,
953 834 1114 882 multis
1134 847 1395 885 asservatus
1416 837 1515 885 die-

0 928 10 977 3
97 909 206 974 bus,
230 911 318 960 fuit
343 911 594 976 diligenter
622 920 671 958 et
696 910 881 958 curiose
902 913 1214 974 examinatus,
1240 914 1303 961 ad
1327 917 1518 980 perqui-

97 988 303 1038 rendum
343 1006 407 1039 an
436 990 770 1055 hujuscemodi
812 991 1029 1041 factionis
1061 1002 1108 1040 et
1151 995 1517 1059 conspirationis

96 1067 317 1116 conscius
354 1068 510 1115 Sixtus
547 1069 760 1134 pontifex
792 1071 1055 1118 exstitisset.
1092 1070 1305 1117 Tandem
1333 1088 1447 1119 vero
1472 1082 1518 1118 et

98 1143 160 1216 de
181 1145 287 1211 ipso
305 1146 450 1203 etiam
468 1157 712 1212 sumptum
741 1158 810 1195 est
829 1147 1020 1213 publice
1037 1148 1338 1214 supplicium.

163 1221 249 1274 His
283 1233 456 1271 autem
484 1224 549 1272 ita
594 1225 841 1272 Florentiae
883 1225 1095 1291 patratis,
1138 1225 1411 1289 indignatus
1451 1237 1520 1273 est

40 1304 44 1313 '
99 1298 406 1348 vehementer
447 1302 662 1367 pontifex
696 1303 869 1364 Sixtus,
915 1303 1174 1368 praesertim
1213 1302 1345 1367 quod
1385 1303 1520 1351 illum

99 1376 512 1444 archiepiscopum
548 1380 795 1437 Pisanum,
837 1390 1006 1428 contra
1041 1380 1279 1428 bonorem
1311 1391 1358 1428 et
1389 1397 1522 1428 reve-

9 1481 19 1490 ·
54 1513 58 1515 ,
100 1456 303 1503 rentiam
320 1454 560 1520 dignitatis
575 1456 862 1522 pontificalis
885 1467 931 1504 et
962 1474 1121 1505 sacros
1139 1474 1375 1519 canones,
1403 1459 1520 1523 quin

101 1534 245 1582 etiam
265 1544 435 1583 contra
454 1535 666 1582 civilium
688 1535 848 1598 legum
876 1536 1163 1598 sanctiones,
1190 1546 1288 1584 tam
1325 1537 1525 1599 ignomi-

0 1605 28 1668 ’,
100 1610 239 1660 niosa
259 1622 414 1660 morte
430 1613 710 1678 puniissent.
734 1612 991 1661 Ferebatur
1011 1623 1060 1660 et
1081 1613 1306 1661 eumdem
1327 1611 1523 1678 pontifi-

102 1701 209 1738 'oem
223 1690 338 1738 odio
352 1690 530 1741 habere
550 1691 656 1738 illos
674 1690 736 1738 de
754 1691 965 1752 Medicis,
985 1691 1136 1755 quod,
1151 1693 1203 1739 in
1221 1693 1389 1740 eadem
1403 1691 1523 1739 urbe

103 1766 376 1816 Florentina
397 1778 445 1816 et
465 1769 600 1815 terris
621 1768 722 1832 ejus
734 1768 906 1816 ditioni
920 1768 1160 1832 subjectis,
1181 1786 1303 1835 saepe
1323 1769 1524 1817 decretis

102 1855 152 1893 et
172 1845 357 1911 placitis
382 1846 478 1893 suis
511 1844 801 1893 obstitissent
814 1883 827 1906 ,
868 1855 916 1892 et
936 1846 1249 1910 promotioni,
1283 1863 1430 1912 quam
1463 1848 1523 1896 de

103 1939 308 1988 persona
323 1923 654 1988 hujuscemodi
682 1923 1027 1988 archiepiscopi
1059 1923 1233 1971 fecerat
1276 1925 1339 1972 ad
1378 1926 1526 1973 eccle-

103 2002 223 2049 siam
242 2002 478 2049 Pisanam.
510 2003 668 2059 Quam
695 2001 838 2048 etiam
865 2001 1025 2065 ‘ipsius
1050 2001 1428 2065 indignationem
1449 2004 1524 2049 in-

105 2077 380 2127 flammabat
408 2077 660 2144 praedictus
680 2094 843 2125 comes
876 2078 1211 2142 Hieronymus,
1238 2080 1322 2144 qui
1363 2091 1526 2128 aucto-

104 2156 238 2206 ribus
262 2156 512 2204 seditionis-
535 2155 789 2203 foederatus
820 2166 868 2204 et
908 2156 1005 2203 dux
1028 2156 1390 2220 quodammodo
1416 2158 1527 2206 facti

106 2235 250 2283 totius
271 2235 497 2283 exstitisse
513 2233 766 2282 ferebatur.
787 2234 870 2281 His
886 2234 1045 2298 itaque
1063 2234 1242 2281 excitus
1257 2234 1385 2282 idem
1399 2251 1523 2300 pon·

105 2312 216 2359 tifex
236 2312 487 2371 maximus,
520 2320 774 2374 utrumque
808 2326 1027 2357 exserens
1061 2310 1271 2374 gladium
1299 2311 1523 2359 adversus

106 2389 415 2450 Florentiam,
437 2389 581 2436 sacris
604 2388 780 2435 civitati
802 2387 1081 2448 interdixit',
1107 2397 1154 2435 et
1175 2387 1412 2452 adjunctis
1439 2406 1520 2436 co-

107 2468 197 2534 piis
219 2477 359 2531 atque
385 2466 561 2514 auxilio
592 2465 905 2527 Ferdinandi,
935 2466 1055 2529 regis
1080 2466 1401 2530 Neapolitani,
1423 2466 1523 2514 bel-

107 2546 210 2594 lum
231 2546 299 2595 eis
314 2545 487 2593 intulit.
526 2545 649 2591 Misit
666 2543 795 2591 enim
823 2559 905 2590 rex
934 2542 1085 2590 filium
1106 2546 1267 2590 suum’
1288 2560 1398 2590 cum
1422 2560 1524 2591 ma-

162 2671 201 2708 1.
234 2668 394 2718 Defene
411 2666 507 2705 dans
523 2666 560 2704 le
582 2680 653 2705 ms.

159 2735 202 2772 2.
233 2734 290 2770 μ’
303 2729 387 2778 juin
406 2731 524 2768 11:18.

164 2797 203 2835 3.
231 2793 413 2849 L'auteur
430 2801 520 2831 veut
538 2792 665 2844 parler
683 2792 732 2831 de
749 2791 943 2839 Frederic,
968 2791 1101 2843 prince
1118 2791 1167 2828 de
1183 2793 1360 2837 Tar-ente,
1383 2792 1449 2843 qui
1466 2794 1524 2832 fut

269 2873 315 2897 ιιι
1314 2860 1337 2894 5
