2060 3392
403 281 480 319 334
972 277 1226 317 APOLOGIA
1236 305 1247 323 ,

400 367 769 425 Pontiniacum¹,
793 366 875 412 ubi
899 357 1095 430 perante
1120 364 1289 412 beatus
1306 364 1529 426 Thomas,
1556 374 1826 418 antecessor

400 461 530 506 suus,
557 461 642 510 per
668 460 821 491 annos
848 443 1025 489 multos
1050 441 1320 502 delituerat,
1347 441 1501 489 clarus
1523 451 1571 488 et
1597 441 1825 507 operibus

399 521 542 568 bonis
557 532 604 569 et
622 520 859 568 miraculis
880 520 1039 568 multis
1054 535 1206 583 usque
1227 518 1290 566 ad
1308 529 1575 567 extremum
1596 536 1824 586 corpora-

399 599 455 646 lis
475 616 569 646 suae
592 598 982 664 peregrinationis
1006 597 1133 645 diem
1157 597 1455 661 permansit²,
1476 596 1640 662 ibique
1666 598 1823 663 sepul·

401 685 475 723 tus
499 687 545 724 et
567 678 616 723 in
642 693 815 740 magna
833 675 1137 723 veneratione
1155 674 1346 722 habitus
1364 675 1632 740 requiescit.

403 756 408 760 “
465 754 542 800 Sic
565 763 611 800 et
629 753 868 799 innumeri
887 752 966 799 alii
982 752 1132 799 sancti
1153 752 1255 813 viri,
1278 751 1479 799 diversis
1495 752 1613 800 locis
1635 767 1690 799 ac
1707 761 1822 798 tem-

399 830 598 896 poribus
622 829 804 878 rabiem
828 829 1118 878 declinantes
1143 839 1504 894 persecutorum
1534 839 1677 894 atque
1699 829 1750 876 in
1770 846 1823 885 se

399 910 559 956 saevire
581 909 862 969 volentium,
884 917 1120 973 praecepto
1149 907 1300 954 innixi
1321 917 1462 970 atque
1484 907 1704 972 exemplo
1725 907 1822 956 Sal-

400 986 591 1047 vatoris,
614 985 748 1032 sedes
765 984 982 1049 proprias
1003 982 1244 1047 reliquisse
1262 984 1501 1047 leguntur,
1527 982 1601 1030 vel
1620 981 1684 1030 ad
1702 992 1821 1031 tem·

399 1079 506 1126 pus,
541 1062 616 1109 vel
643 1061 875 1127 quamdiu
902 1061 954 1108 in
974 1060 1198 1108 humanis
1224 1060 1495 1126 superstites
1525 1059 1817 1107 exstiterunt.

402 1140 538 1187 Unde
551 1139 718 1187 beatus
742 1139 1041 1202 Augustinus,
1059 1137 1184 1185 libro
1206 1137 1418 1185 secundo
1441 1147 1609 1185 contra
1627 1129 1821 1185 Gresco-

400 1217 535 1265 nium
557 1235 569 1264 :
597 1237 620 1263 ι(
647 1217 876 1266 Nonnulli
899 1236 924 1261 υ
945 1217 1101 1280 inquit
1122 1236 1146 1258 α
1172 1226 1336 1264 sancta
1352 1215 1618 1263 humilitate
1638 1216 1824 1282 praediti

399 1295 504 1355 viri,
532 1303 727 1360 propter
744 1293 963 1359 quaedam
991 1294 1042 1341 in
1061 1310 1111 1341 se
1133 1293 1437 1355 offendicula,
1464 1293 1638 1357 quibus
1653 1294 1731 1359 pie
1751 1310 1823 1342 re-

399 1373 658 1437 ligioseque
682 1370 1017 1431 movebantur,
1043 1361 1346 1437 episcopatus
1367 1370 1602 1437 officium,
1627 1388 1727 1419 non
1747 1388 1817 1420 so.-

398 1451 500 1498 lum
523 1450 625 1496 sine
646 1449 805 1514 culpa,
831 1466 998 1496 verum
1015 1449 1160 1501 etiam
1181 1466 1293 1496 cum
1316 1448 1459 1498 laude
1486 1459 1764 1515 posuerunt.
1794 1468 1819 1494 υ
1847 1479 1849 1481 -

401 1526 539 1575 Unde
560 1525 902 1575 rationabiliter
925 1526 1063 1574 valde
1088 1536 1267 1574 canunt
1284 1526 1409 1590 jura,
1439 1526 1571 1590 quod
1596 1526 1702 1591 quis
1721 1543 1823 1577 non

399 1614 584 1652 tenetur
605 1621 654 1652 se
685 1604 877 1652 credere
901 1613 948 1650 et
972 1603 1268 1651 committere
1292 1602 1382 1651 sub
1411 1603 1590 1651 inimici
1614 1600 1822 1668 potesta-

400 1692 518 1744 tem,
548 1684 692 1731 etiam
714 1676 839 1731 datis
857 1680 947 1728 sibi
969 1676 1397 1745 qualibuscumque
1417 1681 1582 1728 litteris
1608 1680 1668 1728 de
1691 1681 1821 1728 salvo

398 1759 656 1807 conductu.
690 1759 834 1823 Cujus
856 1759 1092 1806 rationem
1113 1757 1311 1824 pulchre
1331 1759 1528 1823 Sapiens
1550 1757 1820 1818 subintulit,

399 1838 576 1885 Eccles.
602 1840 705 1884 ΧΠ.
723 1839 981 1900 Postquam
1003 1836 1132 1884 enim
1159 1836 1457 1901 praemisisset
1478 1836 1597 1883 illud
1611 1852 1822 1902 praecep-

399 1926 501 1963 tum
522 1934 532 1962 ε
557 1935 580 1962 «
602 1919 710 1963 Non
730 1914 895 1963 credas
912 1924 958 1962 te
977 1915 1172 1962 inimico
1189 1924 1273 1962 tuo
1294 1915 1343 1961 in
1361 1924 1608 1976 aeternum,
1632 1933 1656 1958 >2
1676 1913 1821 1979 paulo

398 2002 507 2058 post
527 2011 536 2039 :
561 2012 584 2036 «
606 1995 659 2039 In
680 1991 819 2039 labiis
842 2010 863 2036 ι»
888 1992 1045 2056 inquit
1068 2011 1091 2037 «
1118 1993 1214 2039 suis
1236 1990 1450 2039 indulcat
1470 1991 1708 2051 inimicm‚
1737 1990 1823 2042 sed

399 2071 449 2116 in
479 2070 624 2118 corde
658 2086 744 2117 suo
771 2068 1020 2117 insidiatur
1052 2077 1106 2115 ut
1136 2067 1377 2116 subvertat
1398 2078 1443 2115 te
1468 2069 1517 2115 in
1553 2068 1758 2116 foveam.
1792 2086 1817 2113 υ

401 2147 544 2205 Quod
565 2147 603 2194 si
624 2147 689 2195 ita
712 2147 784 2194 vir
808 2145 1019 2212 prudens
1042 2144 1133 2192 sibi
1154 2144 1215 2192 ab
1240 2145 1379 2192 hoste
1403 2161 1570 2193 cavere
1594 2144 1754 2206 debet,
1781 2145 1821 2192 si

399 2241 448 2271 se
467 2225 650 2272 salvum
665 2224 794 2285 velit,
817 2224 960 2270 etlam
981 2220 1065 2269 ubi
1080 2223 1155 2270 vel
1176 2221 1266 2270 sibi
1287 2222 1374 2286 ipsi
1398 2222 1473 2269 vel
1496 2221 1574 2270 alii
1596 2221 1820 2286 cuiquam

400 2319 511 2349 eum
533 2302 678 2349 fidem
705 2301 919 2349 fefellisse
948 2300 1145 2348 minime
1169 2309 1388 2365 expertus
1409 2309 1500 2360 est,
1532 2315 1677 2363 quam
1707 2298 1822 2347 deli-

401 2397 480 2426 rus
501 2389 548 2427 et
571 2379 716 2426 veluti
739 2378 893 2427 fatuus
925 2376 1190 2425 censendus
1217 2377 1340 2440 juste
1369 2376 1513 2437 soret,
1547 2375 1629 2440 qui
1657 2368 1707 2422 se
1738 2375 1820 2433 tali

400 2457 593 2505 inimico
614 2456 805 2503 credere
826 2465 1058 2521 pergeret,
1079 2471 1223 2518 quem
1241 2453 1502 2501 innumeris
1523 2469 1657 2518 paene
1675 2452 1820 2502 fidem

455 2596 494 2634 1.
526 2593 731 2644 Pontigny‚
751 2591 844 2630 dans
863 2590 1214 2629 l’arrondissement
1234 2589 1450 2629 d'Auxerre
1468 2592 1649 2638 (Yonne).

454 2660 493 2694 2.
523 2656 630 2696 Saint
651 2655 772 2693 Edme
798 2662 954 2692 mourut
982 2655 1003 2691 a
1027 2653 1170 2704 Soissy,
1200 2654 1287 2704 pres
1317 2653 1365 2691 de
1386 2653 1567 2702 Provins,
1596 2653 1632 2691 le
1663 2653 1714 2691 16
1738 2665 1818 2691 no-
1864 2654 1867 2656 ’

402 2719 559 2758 vembre
573 2721 676 2758 1240
690 2733 701 2766 3
721 2717 815 2757 mais
829 2717 855 2756 il
869 2718 926 2756 fut
936 2716 1095 2756 inhume
1108 2718 1130 2756 a
1146 2716 1350 2769 Pontigny,
1363 2729 1513 2756 comme
1528 2717 1564 2755 le
1577 2715 1632 2757 dit
1649 2716 1815 2756 Thomas

402 2782 527 2822 Basin.
