2060 3392
462 325 539 362 254
1018 322 1289 369 APOLOGIA,

461 426 558 458 una
582 425 693 458 cum
725 409 1083 458 insolentiarum
1111 408 1286 456 militiae
1317 408 1650 470 variarumque
1681 416 1880 451 concus-

460 486 649 535 sionum
673 498 813 552 atque
844 486 1119 552 rapinarum
1148 484 1292 550 longa
1313 490 1360 532 et
1379 497 1512 549 paene
1543 477 1730 530 assidua
1759 477 1880 527 tol&-
1941 523 1946 526 .
2012 473 2017 482 ’

459 566 639 627 rantia,
688 565 894 630 populus
937 564 1082 611 totius
1129 562 1261 627 regni
1307 560 1369 610 ad
1411 561 1555 609 talem
1594 558 1880 625 paucitatem

460 651 734 706 tantamque
753 638 809 689 ac
832 651 930 689 tam
951 640 1269 690 miserabilem
1299 639 1514 707 inopiam
1539 639 1682 704 atque
1698 650 1878 703 paupe-

460 719 578 766 riem
605 729 705 766 erat
727 718 963 766 redactus.
1798 717 1803 722 ’

524 797 644 844 Huic
695 805 854 844 autem
896 790 1069 844 morbo
1108 795 1421 859 languorique
1463 790 1795 841 molestissimo
1841 790 1880 837 si

458 884 733 938 competens
762 873 970 936 medela,
1008 874 1045 922 si
1075 873 1364 934 remedium,
1391 872 1430 919 si
1460 868 1642 921 curatio
1664 866 1882 916 adhiberi

458 951 678 1014 deberet,
703 962 757 999 ut
782 952 922 1017 periti
941 951 1095 1000 solent
1120 950 1294 999 medici
1328 951 1379 997 in
1403 945 1729 997 curationibus
1749 944 1881 1009 aegri-

458 1030 681 1078 tudinum
710 1029 1031 1095 corporalium
1047 1067 1060 1092 ,
1097 1029 1416 1077 necessarium
1446 1025 1698 1074 videbatur
1718 1037 1882 1072 causas

459 1116 506 1155 et
523 1107 722 1166 radices,
740 1124 795 1156 ex
813 1107 987 1172 quibus
1000 1112 1131 1155 tanta
1146 1111 1340 1172 tamque
1359 1106 1422 1154 ad
1440 1102 1744 1153 tolerandum
1762 1101 1882 1150 dura

458 1195 599 1250 atque
631 1198 797 1252 aspera
836 1185 1126 1251 pullularant
1165 1185 1315 1246 mala,
1358 1184 1435 1231 vel
1468 1179 1741 1230 exscindere
1755 1216 1768 1240 ,
1807 1179 1881 1227 vel

458 1278 631 1326 magna
659 1280 716 1311 ex
739 1273 870 1328 parte
893 1263 1136 1323 minuere3
1174 1272 1287 1309 nam
1318 1258 1622 1308 manentibus
1646 1256 1804 1305 causis
1825 1273 1882 1305 ex

458 1339 632 1403 quibus
669 1351 716 1388 et
745 1350 940 1407 propter
962 1356 1080 1406 quas
1118 1338 1230 1387 talia
1258 1339 1494 1386 orirentur
1524 1346 1666 1402 atque
1689 1333 1882 1399 effinge-

459 1427 622 1464 rentur
647 1415 797 1479 mala,
823 1433 923 1465 non
952 1418 1074 1464 foret
1101 1417 1326 1482 possibile
1349 1417 1465 1480 quin
1494 1423 1665 1481 pestes,
1691 1429 1797 1478 quae
1822 1428 1881 1460 ex

458 1495 733 1560 hujusmodi
753 1495 1120 1561 proficiscuntur
1139 1496 1314 1556 causis,
1339 1493 1513 1560 pariter
1535 1493 1676 1540 etiam
1694 1506 1882 1558 perma-

458 1583 625 1620 nerent
651 1590 661 1619 :
699 1572 1108 1637 quemadmodum
1142 1572 1192 1618 in
1229 1570 1551 1632 febricitante,
1579 1562 1882 1634 manentibus

458 1651 505 1697 in
530 1666 731 1715 corpore
764 1649 998 1715 corruptis
1031 1647 1316 1696 humoribus
1345 1663 1554 1712 quorum
1587 1641 1881 1711 superabun-

458 1725 620 1774 dantia
643 1738 689 1774 et
707 1725 949 1792 corruptio
970 1726 1210 1789 generavit
1226 1723 1467 1787 morbum,
1482 1723 1665 1771 curatio
1682 1721 1883 1770 salubris

459 1804 655 1851 minime
689 1803 812 1850 effici
834 1812 1020 1868 potest3
1053 1801 1139 1850 sed
1169 1816 1358 1850 necesse
1391 1811 1461 1848 est
1492 1810 1544 1848 ut
1571 1799 1646 1847 vel
1666 1816 1760 1865 ope
1782 1815 1882 1846 me-

459 1881 649 1943 dicinae,
677 1881 749 1929 vel
771 1880 931 1944 vigore
952 1889 1000 1927 et
1026 1879 1230 1937 valentia
1246 1888 1448 1941 naturae,
1472 1887 1640 1926 contra
1658 1875 1883 1924 morbum

461 1958 772 2021 obluctantis,
810 1954 1090 2022 hujusmodi
1123 1954 1350 2004 humores
1384 1966 1634 2023 peccantes
1669 1954 1884 2019 quolibet

461 2036 609 2085 modo
631 2045 892 2085 vacuentur
917 2045 963 2083 et
992 2045 1277 2101 purgentur,
1318 2035 1356 2082 si
1378 2039 1578 2099 aegrotus
1607 2032 1670 2082 ad
1690 2033 1881 2100 plenam

461 2115 838 2162 incolumitatem
861 2112 1080 2161 debuerit
1103 2113 1300 2160 restitui.

526 2191 678 2237 Causa
696 2199 854 2258 autem
879 2188 1034 2253 prima
1060 2197 1106 2234 et
1137 2187 1410 2252 principalis
1444 2186 1571 2234 unde
1605 2185 1767 2234 omnia
1790 2185 1898 2239 hur

457 2267 740 2332 juscemodi‚
766 2283 870 2331 quae
882 2266 1144 2327 retulimus,
1162 2266 1302 2328 mala,
1318 2275 1365 2313 et
1377 2282 1481 2329 quae
1493 2281 1583 2311 nec
1595 2261 1880 2311 sufficienter

461 2346 667 2409 cogitare
696 2345 905 2393 valemus
919 2380 931 2403 ‚
978 2357 1124 2407 regno
1169 2353 1309 2407 atque
1346 2341 1518 2390 accolis
1558 2342 1658 2406 ejus
1716 2358 1882 2407 prove-

463 2434 636 2471 nerunt
677 2424 755 2487 (ut
794 2421 1085 2486 aiebamus),
1119 2435 1296 2484 guerrae
1332 2413 1508 2468 scilicet
1543 2429 1641 2467 tam
1679 2425 1881 2468 externae

464 2514 608 2567 quam
629 2500 823 2547 internae
838 2538 850 2562 ,
877 2514 958 2547 seu
991 2497 1149 2546 civiles
1177 2498 1251 2545 vel
1282 2497 1570 2558 domesticae,
1609 2495 1772 2545 divina
1793 2494 1881 2544 mi-

464 2576 697 2628 seratione
722 2587 958 2626 cessarant
992 2586 1039 2624 et
1065 2577 1366 2641 quieverant,
1399 2592 1598 2639 regnum
1612 2611 1624 2635 ‚
1655 2593 1755 2623 uno
1778 2573 1881 2622 solo

464 2654 694 2722 oppidulo
718 2663 915 2720 excepto
930 2655 961 2714 ¹,
987 2661 1230 2718 receptum
1245 2652 1306 2700 ab
1330 2650 1548 2699 hostibus
1571 2662 1616 2699 et
1637 2652 1686 2699 in
1709 2669 1759 2700 se
1778 2660 1880 2700 reu'-

521 2824 559 2862 l.
590 2815 836 2861 'C’est-a—dire
855 2817 993 2858 Calais.
