2060 3392
0 850 2 868 m
0 643 15 781 ”W
0 278 20 627 VfflWfflv-sswt—v3
0 216 13 252 -v,
0 186 6 195 ν-

627 318 774 357 LIBER
801 318 1004 356 SExms.
1473 318 1515 354 71

566 488 908 535 cAPtTtJLUM
941 488 1064 533 XIX.

110 625 163 660 ne
176 621 392 660 inmutabili
404 613 507 657 ossitu
521 620 664 672 illustr-is
675 619 830 655 dominae
842 619 978 664 Maria,
994 619 1075 654 filiae
1086 619 1199 655 unico
1214 619 1346 664 Caroli,
1361 620 1526 668 Burgun-

493 675 642 712 dionum
658 676 771 720 ducis,
791 675 937 710 ducisse
955 675 1102 711 Austriae
1118 676 1145 710 ¹.

176 791 261 840 uis
286 791 431 856 hujus
460 792 687 858 temporis
714 790 982 839 incidentiis
998 829 1011 853 ‚
1039 807 1144 855 quae
1172 790 1314 839 nobis
1334 792 1531 840 minime

112 870 221 920 νὴ
247 878 362 917 sunt
391 869 579 917 silentio
604 867 927 930 transeundae,
957 884 1104 932 quam
1123 867 1344 916 breviore
1372 870 1532 934 potui-

110 965 220 998 mus
244 948 517 997 narratione
538 947 820 1013 perstrictis,
853 947 918 995 ad
942 947 1220 1013 principalis
1244 958 1416 996 nostrae
1434 965 1534 996 sus·

110 1025 625 1092 cepta-prosecutionis
647 1024 868 1073 ordinem
898 1024 1164 1072 redeamus.

180 1106 522 1152 Procurrerunt
555 1103 733 1168 quippe
766 1112 940 1166 treugae
978 1101 1068 1149 illae
1102 1101 1298 1149 annales
1312 1136 1324 1157 ,
1367 1113 1536 1166 negata

112 1196 321 1249 promis·
347 1181 749 1230 commerciorum
788 1182 912 1228 inter
950 1191 1174 1244 utrasque
1208 1189 1373 1243 terraS‚
1416 1182 1538 1247 regis

114 1260 292 1309 scilicet
317 1257 400 1326 [et]
428 1258 582 1317 ducis,
609 1258 1046 1307 communicatione
1059 1295 1072 1319 ‚
1108 1259 1219 1306 satis
1234 1259 1533 1323 ‘tranquille3

115 1338 360 1392 nonnullis
378 1347 539 1386 tamen
562 1337 840 1385 latmncissis
866 1353 1053 1402 semper
1076 1337 1202 1384 ultro
1223 1337 1438 1400 citroque
1462 1353 1539 1384 ra-

114 1415 303 1481 pinulas
330 1413 614 1463 facientibus
638 1424 806 1462 contra
833 1413 1098 1462 limitaneas
1121 1413 1255 1461 villas
1282 1412 1539 1461 amborum

113 1491 427 1540 dominorum
446 1493 477 1538 ².
524 1493 703 1539 Verum
748 1491 865 1539 dum
911 1491 978 1539 sic
1020 1490 1083 1539 ab
1128 1491 1272 1538 armis
1316 1491 1541 1556 utrinque

115 1570 406 1635 quiesceret,
429 1569 540 1617 satis
561 1567 791 1616 infaustus
812 1569 902 1635 ipsi
925 1569 1117 1616 Austriae
1141 1568 1253 1616 duci
1274 1583 1411 1616 casus
1430 1584 1543 1634 pro-

57 1715 59 1717 ι
115 1648 260 1697 venit.
298 1649 419 1695 Nam
452 1646 645 1694 illustris
676 1645 757 1694 illa
788 1646 959 1708 Maria,
995 1647 1171 1711 conjux
1212 1645 1302 1694 sibi
1339 1647 1544 1694 dilectis·

117 1726 260 1786 sima,
277 1723 490 1772 defuncti
508 1722 668 1771 Caroli
691 1723 826 1771 ducis
851 1723 1250 1787 Burgundionum
1271 1724 1415 1771 tmica
1435 1740 1544 1789 pro·

116 1803 203 1862 les5
230 1802 282 1850 in
305 1800 488 1867 oppido
513 1800 677 1863 Brugis
703 1816 760 1848 ex
790 1800 884 1848 hac
917 1799 1125 1848 instabili
1158 1800 1266 1849 luce
1303 1799 1544 1848 subtracta

118 1889 205 1928 est.
234 1881 355 1928 Cum
378 1879 509 1926 enim
529 1879 654 1944 ipsa,
676 1894 781 1943 quae
799 1879 850 1925 in
873 1878 992 1925 flore
1014 1888 1116 1926 erat
1133 1895 1230 1926 suae
1248 1879 1512 1944 juventutis
1527 1917 1540 1940 ‚

118 1957 305 2005 exiisset
327 1955 442 2004 dicti
463 1954 629 2022 oppidi
650 1964 812 2020 portas
829 1965 894 2015 et,
918 1965 1054 2004 vecta
1071 1972 1217 2020 equo,
1240 1956 1546 2004 recreationis

118 2050 261 2083 causa
299 2050 438 2099 agros
470 2034 655 2081 vicinos
695 2033 914 2081 lustraret
930 2071 942 2095 ,
989 2035 1189 2098 contigit
1230 2051 1409 2098 equum
1445 2051 1544 2098 quo

118 2110 408 2174 vehebatur,
436 2129 520 2160 seu
560 2121 738 2159 terrore
770 2112 1021 2177 repentino
1040 2149 1052 2172 ,
1091 2129 1175 2159 seu
1201 2112 1395 2160 lascivia
1426 2129 1546 2160 con-

120 2195 342 2257 citatum,
368 2210 556 2243 sursum
577 2211 627 2243 se
653 2193 716 2242 ab
738 2195 975 2243 anteriore
999 2205 1134 2260 parte
1167 2195 1446 2256 elevando⁸,
1470 2212 1544 2245 re-

122 2328 373 2380 sanat-siege,
388 2341 487 2379 pour
504 2327 636 2366 reunir
653 2327 709 2366 les
726 2326 859 2366 efforts
872 2326 920 2365 de
931 2327 969 2366 la
986 2327 1197 2367 cbren’ente
1212 2338 1347 2369 contre
1364 2329 1547 2369 l'ennemi

34 2394 38 2399 '
121 2405 316 2431 commun.
339 2390 456 2429 Louis
477 2392 534 2428 XI
559 2389 737 2442 repondit
758 2390 852 2441 qu'il
877 2390 1043 2428 trouvait
1060 2392 1143 2429 cela
1162 2391 1371 2440 tres-bien,
1392 2405 1546 2445 pourvu

122 2456 243 2505 qu'on
266 2453 319 2491 lui
340 2452 485 2491 donnat
502 2452 539 2490 la
561 2451 732 2504 garantie
749 2465 826 2503 que
846 2452 883 2490 la
909 2453 1016 2490 treve
1043 2454 1158 2492 serait
1184 2453 1371 2494 observee
1397 2468 1468 2508 par
1492 2456 1547 2494 les

124 2517 341 2569 puissances
353 2528 448 2555 avec
460 2516 526 2568 qui
539 2516 564 2554 il
576 2516 667 2554 etait
675 2529 723 2555 en
736 2529 888 2568 guerre.
899 2517 1312 2570 Lenglet-Dufroenoy‚
1324 2522 1546 2568 commines,

123 2590 150 2620 t.
175 2583 242 2629 IV,
259 2594 300 2633 p.
321 2583 386 2620 44.

177 2647 195 2683 1
206 2674 215 2683 .
245 2643 423 2696 Chapitre
439 2644 615 2696 imprime
627 2643 723 2682 dans
735 2644 1010 2695 l'Amplissima
1027 2647 1209 2694 collectio,
1229 2653 1256 2683 t.
1278 2647 1345 2692 IV,
1359 2645 1435 2683 col.
1451 2646 1542 2682 792.

176 2708 215 2745 2.
247 2707 374 2745 Plutot
393 2709 653 2744 dominiorum.
768 2708 772 2711 “

179 2771 216 2807 3.
250 2769 362 2807 Selon
390 2769 563 2815 Molinet,
595 2785 613 2803 α
640 2768 712 2806 elle
740 2768 854 2807 cheut
881 2769 942 2816 jus
971 2769 1019 2806 de
1047 2782 1087 2807 sa
1113 2769 1357 2820 hacquenee‚
1382 2768 1446 2818 qui
1470 2768 1547 2805 lors

123 2830 376 2882 desch'anglee
393 2830 517 2868 estoit.
539 2848 555 2863 v·
577 2833 620 2868 T.
642 2833 703 2876 11,
725 2843 760 2869 c.
783 2831 848 2868 85.
