2060 3392
462 311 541 347 286
1033 308 1284 347 APOLOGIA
1298 335 1309 354 ,

465 398 796 462 responsione,
840 413 939 444 non
976 396 1107 443 aliud
1140 396 1283 444 nobis
1301 395 1588 444 afferebatur
1611 411 1758 460 quam
1789 412 1880 447 nos

466 476 602 539 regiae
634 475 923 523 ordinationi
955 473 1133 521 habere
1163 491 1352 522 necesse
1385 490 1550 539 parere
1567 511 1580 535 ,
1617 474 1752 538 cujus
1775 474 1879 540 pla·-

467 554 615 601 citum
642 563 742 600 erat
772 563 826 599 ut
855 551 944 599 sibi
972 552 1023 599 in
1046 552 1331 617 Perpiniano
1359 553 1658 600 serviremus.
1696 548 1806 610 Quo
1827 552 1879 601 in

466 630 707 695 locovcum
735 630 834 694 ipse
862 629 1145 677 Parlamenti
1168 630 1351 676 curiam
1372 630 1557 677 noviter
1577 629 1875 688 instituisset,

464 724 552 772 pro
585 707 737 756 causis
770 707 1083 754 comitatuum
1116 707 1389 755 Rossilionis
1417 718 1463 755 et
1495 707 1742 755 Ceritaniae
1775 713 1880 755 tan-

463 802 609 848 quam
648 786 698 832 in
737 802 961 851 supremo
989 785 1215 833 tribunali
1243 785 1310 832 ibi
1350 785 1663 846 diffiniendis,
1697 795 1746 833 et
1785 785 1880 832 illic

464 879 585 928 opus
626 863 718 911 sibi
751 874 871 911 esset
909 863 1244 911 cancellarium
1281 862 1456 911 habere
1489 880 1578 928 pro
1619 863 1880 911 directione

463 940 598 988 dictae
631 941 771 988 euriae
794 951 843 988 et
867 941 1136 989 communis
1161 941 1352 1005 justitiae
1386 942 1529 989 totius
1559 941 1720 1006 patriae
1737 978 1750 1003 ,
1790 958 1881 990 nos

462 1017 543 1064 illo
561 1055 573 1077 ,
600 1017 795 1082 hujusce
818 1017 964 1066 officii
987 1017 1183 1081 gerendi
1205 1018 1355 1081 gratia
1370 1055 1383 1079 ,
1407 1017 1693 1066 destinabat.

528 1100 676 1144 Porro
703 1097 813 1144 licet
837 1097 973 1144 color
995 1096 1074 1144 ille
1105 1095 1195 1143 sub
1222 1095 1421 1143 honoris
1440 1096 1710 1144 velamento
1740 1095 1882 1143 nobis

462 1175 659 1222 obtendi
683 1174 938 1236 videretur,
962 1191 1062 1222 non
1083 1184 1243 1221 tamen
1266 1172 1604 1238 ignorabamus
1627 1172 1745 1221 fines
1761 1190 1883 1238 quos

461 1262 508 1299 et
529 1270 610 1300 rex
639 1253 934 1314 intendebat,
965 1263 1013 1300 et
1042 1251 1264 1299 nonnulli
1285 1251 1368 1316 qui
1390 1252 1451 1313 ei,
1482 1261 1535 1298 ut
1568 1252 1633 1299 ita
1659 1251 1720 1299 de
1742 1251 1884 1299 nobis

462 1330 735 1378 decerneret
774 1331 950 1395 talique
982 1329 1343 1396 proscriptionis
1376 1344 1466 1375 nos
1487 1329 1800 1377 incommodo
1837 1338 1884 1376 et

461 1406 694 1471 supplicio
732 1406 955 1468 afficeret,
990 1405 1320 1470 suggerebant.
1349 1407 1456 1452 Jam
1490 1405 1620 1451 enim
1651 1415 1762 1453 ante
1795 1421 1884 1453 nos

462 1484 630 1531 missos
657 1484 738 1531 illo
776 1484 914 1532 fuisse
952 1494 997 1530 et
1038 1484 1156 1531 alios
1198 1498 1502 1543 noveramus,
1529 1482 1705 1547 quibus
1739 1499 1884 1547 quam

462 1571 619 1626 gratus
659 1562 784 1610 illius
825 1572 960 1609 terrae
997 1562 1233 1609 incolatus
1279 1559 1528 1607 exstitisset
1542 1597 1554 1620 ,
1590 1561 1701 1608 satis
1742 1560 1885 1614 nobis

461 1638 725 1686 constabat.

526 1717 684 1780 Atqui,
700 1733 811 1763 cum
825 1703 992 1764 contra
1009 1716 1207 1763 nitendo
1226 1717 1345 1764 nihil
1367 1734 1457 1764 nos
1474 1715 1708 1780 proficere
1723 1732 1879 1781 posse,

460 1793 543 1842 sed
566 1795 725 1859 potius
749 1794 1001 1842 adversum
1025 1810 1114 1841 nos
1135 1795 1258 1859 regis
1285 1796 1503 1842 animum
1539 1795 1744 1859 amplius
1779 1810 1885 1842 exa·

459 1871 654 1919 cerbare
677 1872 1028 1937 perciperemus
1043 1906 1055 1927 ‚
1084 1872 1147 1919 ad
1171 1871 1440 1936 parendum
1463 1872 1602 1936 regiae
1622 1871 1879 1932 voluntati,

459 1948 567 1996 licet
594 1950 790 1996 minime
811 1948 1029 2010 libentes,
1051 1949 1480 1997 condescendimus
1495 1987 1507 2010 ,
1534 1949 1885 2014 acquiescentes

461 2043 549 2074 nos
571 2027 653 2074 illo
675 2029 743 2074 ire
765 2037 813 2074 et
834 2026 924 2075 sibi
949 2026 1150 2074 fideliter
1167 2043 1258 2091 pro
1275 2027 1513 2075 concessis
1536 2044 1563 2074 a
1585 2027 1799 2074 Domino
1820 2026 1886 2072 vi-

460 2102 591 2150 ribus
613 2104 784 2150 servire
802 2141 813 2163 ,
852 2103 1000 2150 modo
1033 2103 1093 2150 de
1114 2103 1307 2151 duobus
1341 2103 1482 2151 nobis
1515 2119 1600 2151 sua
1632 2102 1885 2151 clementia

461 2181 657 2242 gratiam
680 2180 908 2246 impertiri
933 2180 1224 2243 dignaretur.
1254 2181 1497 2240 Primum,
1527 2189 1582 2227 ut
1605 2180 1884 2244 priusquam

460 2257 571 2304 illuc
592 2256 1017 2323 proficisceremur,
1040 2257 1102 2304 ad
1128 2257 1432 2305 revisendam
1454 2256 1702 2305 ecclesiam
1724 2265 1772 2303 et
1798 2256 1885 2304 do-

459 2356 594 2386 mum
640 2349 852 2387 nostram
900 2341 1105 2404 spatium
1148 2339 1224 2386 vel
1259 2328 1460 2386 dierum
1480 2348 1594 2386 octo
1632 2336 1774 2385 nobis
1810 2339 1883 2384 in-

459 2417 746 2481 dulgeretur,
782 2427 860 2478 ut,
893 2419 1125 2481 quoniam
1149 2417 1211 2465 ab
1242 2434 1372 2465 anno
1402 2418 1521 2464 citra
1542 2433 1640 2482 quo
1663 2416 1884 2464 absentes

459 2509 488 2541 a
510 2495 661 2558 patria
686 2494 940 2556 fueramus,
964 2505 1011 2541 et
1032 2495 1163 2542 bona
1194 2504 1356 2542 nostra
1382 2495 1566 2560 direpta
1589 2504 1636 2541 et
1656 2494 1883 2542 officiales

460 2573 607 2619 nostri
621 2572 830 2619 destituti
855 2572 1056 2633 fuerant,
1082 2588 1156 2619 res
1175 2582 1360 2619 nostras
1380 2572 1559 2619 laceras
1575 2582 1622 2619 et
1636 2571 1883 2620 distractas

459 2659 717 2714 utcumque
739 2650 960 2696 resarcire
982 2649 1160 2710 liceret,
1188 2660 1235 2696 et
1246 2659 1435 2697 amotos
1455 2649 1710 2698 officiarios
1719 2650 1880 2698 denuo

458 2728 719 2789 instituere,
758 2727 1033 2792 priusquam
1063 2736 1163 2774 tam
1201 2727 1514 2792 longinquam
1544 2727 1881 2793 peregrinatio·

459 2822 570 2854 nem
601 2806 931 2871 arriperemus.
960 2805 1054 2852 Sed
1083 2804 1184 2851 haec
1217 2804 1490 2853 humanitas
1520 2822 1712 2870 prorsus
1738 2803 1880 2852 nobis
