2060 3392
161 363 233 402 ter
256 353 524 420 displiceret
537 356 578 400 '.‘
598 355 814 412 Quorum
841 354 1008 402 merito
1034 355 1112 419 pie
1137 353 1266 400 credi
1283 363 1438 418 potest
1460 353 1575 402 divi-

162 446 275 479 nam
306 431 534 495 justitiam
549 434 580 491 ⁸,
610 432 859 480 clementia
893 440 1202 497 temperatam
1215 465 1230 494 ,
1259 431 1342 479 tali
1376 431 1574 480 civitatis

160 508 345 557 excidio
360 518 464 556 tum
484 509 789 574 pepercisse‘.

224 586 332 632 Non
349 594 509 632 tamen
533 583 714 649 absque
731 584 943 650 plurium
962 601 1280 632 aerumnarum
1306 594 1354 632 et
1376 583 1572 633 calami-

161 670 313 711 tatum
347 662 542 710 cumulo
567 663 731 710 civitas
755 663 1043 728 permansit3
1074 662 1158 710 sed
1181 678 1289 710 eam
1315 672 1363 710 et
1390 653 1575 711 caristia

160 755 366 789 annonoe
393 740 687 804 aliarumque
721 757 882 787 rerum
913 739 1136 787 humanis
1167 739 1332 787 usibus
1362 755 1576 788 necessa-

158 816 360 878 riarum,
378 826 520 882 atque
536 817 702 883 inopia
723 827 771 864 et
787 817 1035 883 pauperies
1063 818 1263 881 graviter
1290 817 1573 865 afflixerunt.

159 893 255 953 Qui
284 895 415 941 enim
436 895 653 960 perprius
680 895 939 960 apostolica
953 896 968 919 ⁸
1000 895 1286 959 patrimonia
1310 894 1579 942 habuerant

156 970 233 1019 vel
265 986 427 1020 annua
457 972 727 1035 vectigalia,
760 973 799 1020 si
834 972 884 1019 in
920 972 1055 1019 terris
1090 972 1224 1019 ducis
1257 972 1580 1033 consistebant

156 1046 422 1112 (abierant
451 1049 632 1113 majore
652 1066 709 1097 ex
728 1049 922 1114 parte),
951 1066 1062 1097 cum
1084 1048 1146 1096 ad
1166 1047 1333 1096 fiscum
1352 1051 1579 1116 principis

157 1136 332 1185 cuncta
347 1126 573 1174 devoluta
592 1126 749 1174 forent
760 1163 772 1186 ,
795 1127 915 1174 nihil
932 1143 1126 1192 prorsus
1142 1126 1254 1175 inde
1270 1127 1579 1176 emolumenti

157 1202 512 1270 percipiebant3
536 1204 575 1251 si
596 1204 647 1251 in
665 1205 863 1269 proprio
881 1205 1118 1252 territorio
1133 1242 1145 1266 ‚
1165 1220 1274 1252 cum
1297 1205 1460 1253 omnia
1474 1223 1579 1271 quae

157 1282 209 1329 in
230 1283 355 1347 agris
375 1292 510 1330 erant
523 1320 536 1343 ‚
559 1282 744 1330 deserta
765 1292 811 1330 et
827 1282 1042 1347 squalida
1056 1283 1267 1347 jacerent
1279 1320 1292 1344 ,
1320 1283 1463 1331 etiam
1479 1284 1582 1331 nul-

157 1360 260 1408 lum
280 1361 574 1426 'praediorum
590 1360 800 1408 dominis
821 1361 1086 1409 afferebant
1109 1361 1331 1409 solatium
1359 1361 1435 1408 vel
1454 1361 1579 1409 fruc-

160 1447 280 1485 tum.
314 1441 502 1502 ltaque,
530 1438 621 1486 nisi
650 1455 705 1486 ex
732 1448 889 1487 vetere
925 1439 1159 1487 industria
1192 1455 1249 1487 ac
1283 1440 1580 1505 parcimonia

157 1516 339 1581 aliquid
361 1515 452 1564 sibi
477 1526 772 1564 reservarant
803 1516 963 1582 (quod
981 1517 1230 1582 pauciores
1253 1534 1455 1565 numero
1481 1527 1579 1565 tam

76 1638 77 1641 ,
159 1593 221 1643 de
238 1594 422 1643 civibus
436 1633 449 1656 ‚
484 1611 629 1660 quam
658 1594 720 1643 de
748 1595 1072 1643 ecclesiasticis
1104 1594 1268 1643 fecisse
1301 1594 1546 1659 ferebant)
1563 1633 1576 1654 ,

158 1686 455 1738 consequens
479 1684 580 1721 erat
596 1711 608 1735 ,
630 1689 743 1721 cum
758 1690 958 1738 quaeque
988 1673 1175 1722 venalia
1200 1675 1263 1722 ad
1288 1674 1489 1740 duplum
1503 1674 1578 1722 vel

159 1749 355 1815 triplum
379 1751 549 1798 assueti
586 1759 782 1815 perante
810 1751 949 1816 pretii
983 1751 1322 1812 excrevissent,
1362 1767 1453 1798 nec
1478 1767 1576 1798 non

161 1826 251 1874 nisi
271 1843 383 1875 cum
400 1829 618 1876 maximis
638 1827 999 1876 difficultatibus
1016 1837 1065 1875 et
1078 1827 1325 1877 laboribus
1340 1829 1501 1877 invehi
1521 1846 1577 1877 ex

160 1919 263 1952 uno
292 1905 397 1952 solo
427 1906 604 1970 angulo
636 1915 831 1971 possent
862 1906 929 1970 (et
960 1905 1057 1954 hoc
1089 1923 1200 1954 cum
1226 1907 1446 1973 praesidio
1474 1908 1580 1974 plu-

159 1980 291 2028 rimae
311 1991 605 2030 armatorum
619 1981 977 2048 multitudinis),
1006 1983 1156 2048 quod,
1180 1984 1263 2048 qui
1286 1983 1412 2032 bene
1433 2002 1578 2050 pecu-

158 2057 241 2106 lati
269 2074 370 2106 non
392 2069 526 2107 erant
540 2096 553 2120 ‚
580 2059 709 2123 gravi
730 2069 935 2123 egestate
970 2069 1018 2108 et
1054 2062 1255 2126 penuria
1270 2061 1575 2110 laborarent.

160 2133 404 2183 Artificum
423 2151 537 2184 vero
561 2153 732 2185 manus
755 2137 1163 2202 numerositasque
1177 2176 1189 2199 ,
1216 2155 1323 2203 quae
1344 2141 1580 2188 anteriore

160 2213 331 2277 quietis
358 2229 414 2262 ac
442 2215 572 2280 pacis
590 2223 806 2281 tempore
829 2215 890 2262 de
911 2217 1007 2263 suis
1025 2215 1235 2263 artificiis
1263 2227 1405 2282 atque
1424 2219 1580 2284 operis

159 2288 415 2338 honestum
449 2292 560 2339 satis
598 2301 642 2339 et
682 2293 934 2357 copiosum
970 2292 1059 2340 sibi
1094 2294 1274 2342 victum
1303 2296 1579 2360 suppedita-

160 2367 277 2416 bant
290 2406 303 2430 ,
335 2369 449 2434 quia
470 2371 742 2418 necessariae
771 2370 839 2417 eis
857 2370 1054 2418 deerant
1075 2388 1266 2420 suarum
1285 2373 1459 2421 artium
1480 2390 1582 2421 ma-

162 2445 314 2507 teriae,
358 2462 500 2511 quas,
545 2448 630 2494 etsi
672 2447 830 2495 forsan
867 2448 1026 2495 adhuc
1063 2449 1272 2498 residuas
1314 2450 1546 2498 haberent
1562 2489 1575 2513 ‚

216 2590 234 2626 1
246 2618 256 2627 .
285 2589 465 2629 L'auteur
483 2605 523 2630 se
542 2594 725 2644 comptait
743 2606 830 2631 sans
849 2592 965 2631 doute
985 2593 1107 2645 parmi
1125 2606 1188 2633 ces
1208 2607 1431 2646 personnes.

216 2652 255 2688 2.
282 2651 416 2690 Matth.
436 2651 554 2692 iram(

219 2713 257 2749 3.
287 2713 340 2751 Ge
355 2714 421 2764 qui
441 2715 514 2753 suit
534 2716 655 2754 forme
671 2729 724 2754 un
742 2699 851 2755 autre
869 2717 1040 2769 chapitre
1059 2718 1154 2756 dans
1173 2718 1386 2756 Matthaeus.

219 2778 258 2829 ,¹¹-
290 2779 415 2827 Lecon
437 2778 671 2831 impossible.
699 2781 885 2820 Serait-ce
904 2785 1119 2832 apothetica
1132 2786 1153 2820 τ’
