2060 3392
426 302 503 340 284
1009 300 1280 349 ΑΡοιοῦῙΑ,

491 392 625 456 Atqui
643 391 804 456 quales
817 407 907 456 pro
927 389 1068 437 nobis
1083 389 1145 436 ad
1166 389 1442 454 hujusmodi
1457 390 1657 452 gratiam
1673 406 1840 438 conse·

424 469 666 533 quendam
700 469 828 516 idem
864 467 1014 515 Balue
1049 477 1250 516 conatus
1280 466 1600 532 impenderet,
1628 467 1748 516 scire
1778 469 1841 518 ad

424 555 608 592 certum
627 546 823 592 minime
843 554 1132 610 poteramus.
1162 543 1485 592 Referentibus
1503 554 1663 592 tamen
1681 545 1842 594 multis

423 623 737 670 intelleximus
760 623 899 687 'quod
923 623 1031 671 ficte
1056 634 1103 671 et
1127 624 1343 671 simulate
1375 625 1538 672 omnia
1569 624 1758 688 agebat,
1793 635 1840 673 et

421 695 579 763 magis
593 700 850 764 proditoris
871 716 1017 763 quam
1039 699 1189 748 fidelis
1210 700 1484 748 mediatoris
1517 718 1692 748 munus
1715 710 1841 765 gere-

420 776 518 824 bat.
561 777 705 835 Quod
739 778 848 825 licet
882 777 1117 826 affirmare
1148 789 1377 842 tanquam
1415 795 1517 827 rem
1545 790 1838 844 compertam

422 872 520 901 non
541 855 825 915 audeamus,
857 872 914 903 ex
937 856 1153 921 pluribus
1176 866 1334 903 tamen
1373 856 1702 922 probabilibus
1723 874 1838 904 con-

347 937 352 940 ”
418 932 609 995 jecturis
632 932 750 979 illud
771 933 1007 996 conjicere
1037 935 1303 999 potuimus3
1331 950 1444 981 nam
1466 935 1611 999 ipsius
1633 950 1722 999 pro
1748 951 1837 982 no·

422 1009 496 1056 bis
515 1010 912 1057 interventionem
931 1012 1050 1059 nihil
1068 1028 1262 1077 prorsus
1281 1012 1435 1075 gratiae
1454 1012 1714 1060 obtinuisse
1732 1030 1840 1078 per-

422 1087 633 1151 cepimus
649 1125 661 1149 ,
691 1105 779 1135 nec
805 1089 984 1151 regiam
1010 1090 1060 1136 in
1090 1107 1179 1137 nos
1206 1090 1439 1138 ullatenus
1463 1091 1839 1154 indignationem

421 1165 646 1230 placasse.
682 1167 810 1214 Fecit
847 1168 975 1214 enim
1009 1178 1106 1215 tam
1129 1169 1229 1234 ipse
1263 1186 1409 1233 quam
1446 1169 1671 1227 dominus
1702 1170 1763 1218 de
1790 1170 1839 1217 la

423 1248 592 1291 Forest
605 1247 634 1303 ¹,
659 1246 742 1309 qui
766 1247 927 1310 magni
953 1248 1096 1295 etiam
1131 1247 1226 1294 loci
1260 1257 1359 1294 tum
1381 1247 1512 1313 apud
1533 1264 1694 1311 regem
1718 1258 1835 1308 erat,

424 1322 515 1368 tale
548 1339 827 1387 responsum
855 1342 865 1370 :
905 1324 1038 1388 quod
1073 1325 1294 1372 voluntas
1323 1325 1444 1388 regis
1475 1335 1574 1373 erat
1604 1335 1667 1372 ut⁴
1681 1325 1841 1391 Perpi—

424 1399 624 1446 nianum
654 1402 986 1460 transiremus,
1018 1412 1160 1467 atque
1190 1404 1239 1449 in
1273 1403 1352 1450 illa
1389 1414 1531 1466 terra,
1569 1421 1673 1468 quae
1710 1413 1840 1451 extra

425 1492 593 1523 omnes
615 1478 747 1540 regni
765 1478 938 1525 limites
955 1480 1191 1538 consistit,
1217 1479 1307 1526 sibi
1337 1481 1635 1527 serviremus.
1664 1483 1733 1527 De
1757 1498 1842 1545 po-

373 1613 379 1619 ·
426 1553 595 1600 tiundo
630 1565 788 1602 autem
832 1555 1172 1603 abolitionibus
1214 1557 1303 1603 illis
1343 1573 1428 1620 per
1466 1574 1627 1620 regem
1671 1557 1808 1607 editis
1823 1594 1836 1618 ‚

425 1632 739 1681 consulebant
752 1644 807 1681 ut
826 1635 1007 1681 nullam
1028 1635 1216 1698 penitus
1240 1634 1502 1681 faceremus
1522 1636 1836 1684 mentionem.

426 1712 622 1757 Necesse
656 1711 795 1758 nobis
818 1711 918 1757 fore
940 1702 1078 1775 regiae
1113 1711 1442 1776 obtemperare
1469 1712 1728 1770 voluntati3
1762 1715 1839 1760 cui

424 1788 463 1833 si
476 1804 642 1852 parere
658 1789 733 1836 vel
757 1789 806 1835 in
829 1789 1030 1835 minimo
1050 1789 1433 1850 detrectaremus,
1460 1805 1542 1836 seu
1563 1791 1758 1837 ulterius
1781 1791 1840 1838 de

424 1865 657 1928 praedictis
675 1865 1016 1913 abolitionibus
1033 1866 1235 1914 verbum
1263 1866 1547 1926 faceremus,
1577 1869 1839 1916 verendum

426 1958 486 1989 ne
508 1943 559 1989 id
580 1942 720 1990 nobis
738 1943 1085 1991 irremediabile
1111 1945 1387 2009 importaret
1409 1946 1620 1992 exitium.

490 2022 593 2066 Hoc
625 2019 712 2066 fuit
739 2020 897 2083 quod,
930 2021 1122 2085 praefato
1157 2021 1308 2068 Balae
1335 2023 1486 2069 accito
1518 2040 1602 2088 per
1630 2040 1718 2070 nos
1740 2040 1839 2071 me-

426 2096 606 2143 diatore
620 2134 632 2157 ‚
653 2113 681 2145 a
699 2099 820 2161 regis
837 2098 1088 2146 clementia
1110 2108 1213 2146 tum
1232 2101 1474 2147 consecuti
1490 2101 1664 2147 fuimus
1686 2110 1734 2148 et
1754 2118 1840 2165 per

425 2191 536 2221 eum
558 2191 839 2239 responsum
865 2177 1162 2240 accepimus,
1202 2177 1384 2239 rejectis
1405 2194 1601 2242 prorsus
1620 2187 1667 2223 et
1689 2178 1840 2225 exsuf-

426 2250 547 2298 flatis
580 2251 670 2298 illis
701 2252 998 2314 generalibus
1034 2253 1273 2300 amnestiis
1306 2263 1404 2300 tam
1444 2254 1716 2300 solemniter
1749 2253 1838 2301 sub

425 2327 562 2374 titulo
596 2338 642 2375 et
671 2329 721 2375 in
749 2330 849 2376 vim
886 2346 942 2377 ac
975 2329 1125 2376 robur
1157 2330 1324 2394 regalis
1357 2324 1498 2378 edicti
1531 2347 1616 2395 per
1640 2347 1838 2394 regnum

425 2404 625 2452 ubilibet
650 2405 917 2470 publicatis.
946 2409 1016 2453 De
1040 2406 1214 2470 quibus
1246 2408 1285 2454 si
1314 2407 1446 2470 quod
1475 2408 1701 2455 veraciter
1731 2425 1839 2456 sen-

427 2484 585 2541 dmm,
600 2483 778 2530 anobis
797 2484 902 2547 quis
921 2485 1210 2548 poposcerit,
1236 2501 1336 2531 non
1353 2483 1482 2531 aliud
1495 2486 1539 2531 ei
1552 2485 1840 2550 respondere

426 2577 697 2625 possumus,
712 2562 802 2608 nisi
824 2561 956 2624 quod
978 2560 1118 2607 nobis
1131 2577 1230 2607 non
1245 2561 1306 2608 ad
1320 2562 1466 2608 alium
1490 2562 1634 2610 finem
1653 2565 1839 2629 excogi-

478 2744 517 2781 1.
547 2741 663 2780 Louis
682 2741 731 2780 de
750 2744 962 2780 Beaumont
988 2754 1037 2780 en
1063 2742 1221 2790 Poitou‚
1252 2741 1430 2793 seigneur
1451 2742 1499 2781 de
1519 2746 1574 2782 La
1591 2745 1725 2792 Fora,
1746 2757 1840 2782 con-

426 2804 553 2843 seiller
567 2812 606 2843 et
623 2803 863 2843 chambellan
883 2804 934 2842 du
954 2804 1028 2852 roi,
1050 2805 1150 2843 alors
1169 2818 1416 2856 gouverneur
1437 2805 1485 2843 de
1504 2806 1540 2865 la
1558 2806 1753 2844 Rochelle.
