2060 3392
458 279 535 316 312
1030 275 1304 323 Ammon,

459 365 717 415 mobilibus
735 366 1073 431 spoliaremur,
1099 381 1250 429 eaque
1271 364 1538 430 diripienda
1561 375 1608 412 et
1632 364 1874 431 perdenda

460 443 690 510 improbis
710 443 906 506 hujusce
933 442 1105 488 nostris
1130 441 1751 497 delatoribusssdonarentur.

524 521 635 579 Sed,
664 520 795 585 quod
818 520 893 566 his
916 519 1141 567 omnibus
1163 520 1349 567 damnis
1367 520 1610 586 amplioris
1633 521 1877 569 anxietatis

462 608 509 646 et
533 598 759 645 molestiae
789 596 929 644 nobis
959 597 1204 644 materiam
1233 597 1404 658 attulit,
1430 597 1609 644 eisdem
1643 598 1877 662 iniquissi-

458 677 548 723 mis
568 673 847 722 hominibus
870 673 1141 738 agentibus,
1165 674 1263 722 duo
1288 675 1500 737 germani
1520 675 1697 736 nostri,
1723 675 1878 723 Ludo-

459 754 590 800 vicus
604 756 658 799 ‘et
678 751 924 814 Thomas¹,
951 751 1035 816 qui
1052 751 1538 802 administrandarum
1553 768 1712 803 rerum
1734 752 1878 800 totius

459 832 665 880 ecclesiae
684 842 855 879 nostra:
877 841 923 878 et
943 832 1220 897 patrimonii
1251 849 1416 880 curam
1441 831 1670 897 gerebant
1693 833 1743 881 in
1759 834 1879 880 -civi-

460 920 553 958 tate
581 919 767 968 nostra,
797 925 826 956 a
846 910 999 974 patria
1028 919 1075 956 et
1106 911 1312 975 propriis
1349 911 1499 958 avulsi
1528 910 1708 958 laribus
1735 921 1880 976 atque

459 987 767 1051 conjugibus,
796 987 968 1052 captivi
997 987 1060 1034 ad
1081 1003 1240 1052 regem
1274 987 1469 1035 abducti
1498 997 1610 1035 sunt
1645 1005 1758 1035 cum
1783 1004 1881 1036 ma-

459 1066 587 1113 ximo
610 1066 714 1112 vitae
737 1081 832 1112 suae
854 1065 1151 1123 discrimine3
1187 1065 1411 1130 fuereque
1437 1065 1614 1113 detenti
1637 1065 1766 1131 apud
1787 1068 1880 1113 Tu-

461 1145 593 1191 ronis
613 1161 700 1210 per
720 1160 903 1191 annum
925 1160 1034 1190 cum
1066 1143 1266 1191 dimidio
1289 1160 1401 1191 cum
1430 1143 1702 1209 ingentibus
1722 1153 1877 1203 metu,

462 1222 602 1270 taedio
638 1232 686 1269 et
721 1220 996 1286 angoribus.
1034 1224 1144 1279 Quo
1184 1221 1464 1269 decurrente
1494 1232 1735 1287 tempore,
1770 1237 1882 1269 cum

461 1310 623 1365 raptos
655 1309 703 1346 et
737 1316 794 1346 ex
817 1299 1013 1346 diversis
1036 1298 1298 1346 Galliarum
1325 1299 1587 1364 provinciis
1608 1315 1698 1364 pro
1723 1298 1884 1347 simili-

462 1375 553 1423 bus
575 1375 824 1423 calumniis
849 1385 897 1422 et
925 1376 1078 1423 causis
1100 1375 1333 1423 adductos
1354 1376 1662 1440 quamplures
1675 1413 1688 1434 ‚
1710 1375 1760 1422 in
1784 1375 1885 1422 flu-

462 1454 592 1500 mine
628 1453 886 1500 suffocatos
923 1462 1006 1500 aut
1053 1453 1188 1500 aliter
1225 1463 1447 1501 enecatos
1489 1453 1736 1514 audirent,
1786 1463 1884 1500 tam

462 1532 602 1579 anxia
633 1531 807 1595 jugiter
844 1530 1185 1596 premebantur
1222 1531 1476 1580 formidine
1522 1541 1574 1578 ut
1612 1547 1712 1578 non
1754 1530 1884 1586 aliud

462 1618 804 1675 exspectarent,
836 1625 981 1674 quam
1006 1609 1138 1675 quod
1160 1609 1376 1656 dietenus
1398 1609 1610 1656 similiter
1631 1608 1694 1656 ad
1715 1624 1885 1656 necem

463 1688 566 1752 rapi
589 1696 731 1751 atque
763 1686 876 1734 duci
897 1685 1142 1733 deberent.

529 1767 652 1812 Cum
675 1774 835 1812 autem
857 1780 943 1811 sua
964 1763 1243 1827 hujusmodi
1266 1773 1399 1811 tanta
1420 1764 1658 1828 pericula,
1691 1779 1886 1810 succen-

466 1859 668 1907 sumque
705 1842 828 1890 adeo
860 1843 910 1888 in
944 1859 1034 1889 nos
1067 1851 1115 1889 et
1142 1859 1264 1903 sese,
1291 1858 1433 1889 causa
1453 1842 1601 1888 nostri
1617 1878 1629 1900 ,
1665 1841 1786 1906 regis
1815 1841 1887 1888 fu-

464 1937 648 1981 rorem,
692 1929 859 1984 agente
894 1920 1294 1974 calumniatorum
1330 1920 1564 1983 nequitia,
1606 1918 1747 1966 nobis
1783 1919 1889 1966 inti-

466 2015 597 2046 mare
642 2008 910 2059 curassent,
959 1998 1041 2062 qui
1086 2008 1188 2045 tum
1230 1996 1495 2058 Gebennis,
1539 1997 1609 2044 uti
1653 1996 1884 2057 diximuS,

467 2090 678 2135 eramus,
730 2073 1168 2138 supplicassentque
1217 2072 1279 2120 ad
1316 2071 1629 2135 mitigandam
1666 2071 1887 2134 hujusce-

466 2151 600 2198 modi
634 2150 976 2215 indignationis
1013 2152 1152 2214 regiae
1182 2149 1513 2211 acerbitatem,
1556 2150 1638 2214 qui
1670 2159 1771 2196 tum
1802 2150 1887 2195 Sa·

466 2228 694 2276 baudiam
739 2228 1047 2275 vehementer
1087 2227 1151 2275 ob
1198 2228 1374 2275 factum
1412 2228 1649 2274 dictorum
1690 2226 1887 2273 fratrum

469 2306 741 2371 principum
758 2321 951 2352 exosam
974 2304 1185 2352 habebat
1201 2342 1213 2363 ,
1250 2315 1484 2368 quatenus
1508 2319 1565 2351 ea
1595 2302 1821 2354 excedere
1843 2312 1890 2349 et

467 2384 518 2430 in
540 2383 847 2430 Germaniam
867 2399 956 2430 nos
978 2382 1230 2430 transferre
1248 2382 1493 2442 vellemus,
1518 2381 1680 2428 relicta
1701 2380 1889 2428 civitate

469 2460 773 2510 Gebennensi
791 2463 822 2521 ²,
874 2461 1099 2509 Basileam
1141 2478 1231 2508 nos
1266 2461 1553 2508 contulimus
1570 2496 1582 2518 ‚
1634 2470 1889 2525 postquam

467 2539 698 2586 trimestre
720 2539 924 2603 spatium
946 2538 1076 2603 apud
1101 2537 1356 2585 Gebennas
1377 2537 1759 2602 perfecissemus,
1786 2553 1890 2602 spe·

523 2669 561 2706 1.
592 2666 709 2706 Louis
726 2674 764 2703 et
783 2665 947 2704 Thomas
975 2665 1109 2714 Basin,
1137 2666 1312 2705 nommes
1334 2666 1429 2704 dans
1455 2667 1644 2718 plusieurs
1671 2664 1738 2703 des
1762 2664 1890 2715 pie-ces

463 2728 728 2777 justificatives
746 2731 864 2779 qu'on
883 2737 1064 2767 trouvera
1081 2729 1177 2767 dans
1198 2729 1235 2767 le
1257 2731 1324 2767 1V0
1342 2729 1525 2770 volum&

524 2795 563 2832 2.
594 2794 689 2830 Vers
706 2791 744 2830 le
762 2791 858 2830 mois
872 2791 921 2830 de
936 2789 1153 2844 septembre
1169 2792 1289 2831 1468.
