2060 3392
738 326 887 363 mm
912 325 1114 364 SEXTUS.
1581 330 1626 368 ss

214 417 288 466 nb
307 432 392 465 neu
409 413 470 463 de
481 429 629 478 regno
641 414 847 461 Franciae
863 411 1041 461 habere
1060 413 1414 477 horrescebant,
1430 431 1521 463 nec
1532 417 1632 465 ullo

213 502 354 561 pacto
366 491 534 542 audire
540 500 761 558 poterant
771 527 785 551 ,
803 506 886 537 seu
897 490 1032 554 quod
1038 491 1319 556 principissa
1330 508 1415 540 sua
1431 492 1629 555 delfino,

213 569 464 636 regisfilio,
478 578 624 635 prout
634 584 716 616 rex
728 566 1045 629 desiderabat,
1059 584 1144 617 seu
1155 568 1297 616 alicui
1314 569 1447 617 alteri
1460 571 1633 638 princi-

211 647 559 716 pumFranciae,
568 645 739 711 nuptui
747 643 1029 703 traderetur3
1041 661 1193 694 unum
1201 645 1360 711 potius
1369 663 1428 694 ex
1438 640 1634 697 Germa-

180 718 188 727 ’
212 725 303 774 niae
314 722 612 791 principibus
629 738 679 770 se
693 738 869 787 cupere
887 737 943 769 ac
953 721 1394 787 desiderare,quem
1413 741 1575 788 regere
1585 737 1633 775 et

213 801 478 868 gubernare
498 800 787 866 principissa:
807 815 903 847 suae
929 809 1078 847 terras
1104 815 1161 847 ac
1181 799 1399 848 subditos
1416 801 1632 851 humano

211 896 373 943 more,
398 880 594 928 servatis
613 877 794 926 eisdem
814 878 910 925 suis
932 878 1140 943 antiquis
1176 878 1472 927 libertatibus
1490 890 1632 945 atque

211 956 663 1017 consuetudinibus,
705 971 894 1021 sperare
935 966 1131 1022 possent
1165 974 1176 1003 :
1217 973 1419 1020 regnum
1460 975 1631 1025 nempe

213 1038 502 1085 Francorum
521 1044 569 1083 et
585 1034 734 1099 ipsius
753 1033 957 1095 accolaS,
985 1034 1036 1080 in
1060 1043 1202 1082 tantae
1223 1033 1518 1098 dejectionis,
1539 1053 1633 1084 ser-

212 1114 373 1162 vitutis
395 1123 444 1161 et
473 1112 771 1161 miseriarum
796 1111 1067 1172 cumulum,
1089 1111 1214 1176 proh
1237 1111 1406 1160 dolor!
1433 1112 1632 1163 devolu-

212 1200 317 1240 tum
332 1189 631 1256 aspicientes,
654 1197 736 1250 ut,
773 1203 864 1254 pro
886 1188 1146 1254 impiorum
1167 1189 1521 1239 dominantium
1542 1191 1631 1240 im·

212 1268 455 1329 inanitate,
467 1267 627 1314 nullus
647 1265 716 1313 ibi
738 1265 1001 1330 quidquam
1021 1283 1161 1314 suum
1177 1265 1335 1315 dicere
1350 1277 1525 1332 posset,
1544 1269 1630 1316 sed

212 1362 270 1394 ex
287 1345 434 1393 solius
460 1344 604 1391 unius
636 1342 843 1409 pendeat
865 1342 1064 1390 arbitrio
1081 1353 1226 1407 atque
1257 1354 1378 1392 nutu
1398 1354 1631 1408 quantum

212 1438 599 1486 unamquamque
625 1421 923 1486 provinciam
946 1420 1256 1469 collationum
1277 1431 1325 1469 et
1344 1422 1632 1471 tributorum

211 1499 421 1567 pendere
439 1508 683 1565 oporteat,
706 1508 850 1563 atque
868 1498 1195 1563 unusquisque
1231 1499 1387 1547 solum
1409 1500 1528 1548 illud
1563 1501 1631 1548 ibi

211 1576 388 1626 habeat
399 1613 414 1638 ,
436 1575 570 1641 quod
588 1575 680 1623 sibi
691 1575 984 1623 dominantis
995 1577 1008 1600 ¹
1026 1576 1258 1640 rapacitas
1281 1577 1498 1624 relictum
1531 1594 1631 1625 esse

211 1654 489 1720 permiserit.
539 1653 677 1702 Unde
723 1653 786 1701 ad
829 1653 1139 1717 quaerendum
1191 1654 1265 1701 vel
1301 1655 1630 1702 sustinendum

211 1732 478 1798 principem
516 1731 577 1780 de
600 1732 683 1779 illo
700 1733 832 1795 regio
852 1748 1024 1795 genere
1037 1770 1052 1793 ,
1076 1732 1209 1780 nulla
1225 1733 1412 1781 ratione
1426 1733 1501 1780 vel
1522 1749 1630 1781 sua·

213 1810 348 1859 sione
386 1810 563 1858 inflecti
598 1819 820 1875 poterant
835 1847 848 1870 ,
885 1809 959 1856 vel
996 1825 1239 1857 assensum
1271 1820 1518 1875 pmme3
1546 1810 1630 1858 sed

213 1886 332 1935 illud
345 1924 359 1948 ,
404 1897 634 1951 tanquam
651 1887 796 1934 totius
836 1903 930 1933 suae
963 1887 1159 1932 exitium
1194 1886 1439 1947 libertatis,
1484 1887 1628 1934 vehe-

213 1964 501 2021 mentissime
520 1963 845 2012 abhorrebant
868 1973 1012 2027 atque
1042 1963 1459 2012 abominabantur.

696 2156 1034 2202 CAPITULUM
1068 2158 1147 2203 lv.

248 2274 301 2308 De
318 2272 614 2309 condemnatione
630 2283 664 2309 et
679 2274 855 2321 supplicio
868 2282 1009 2322 sumpto
1029 2273 1074 2309 de
1090 2275 1299 2310 cancellario
1316 2274 1416 2310 ducis
1431 2274 1589 2310 defuncti

659 2339 693 2366 et
707 2329 855 2365 domino
872 2330 917 2366 de
935 2331 1180 2366 Humhercourt.

277 2451 426 2497 Porro
463 2467 574 2498 cum
613 2451 748 2499 multi
767 2453 1127 2500 aestimationem
1154 2452 1387 2502 haberent
1404 2453 1538 2518 quod
1560 2454 1625 2501 illi

212 2524 329 2584 duo,
353 2527 436 2590 qui
456 2526 703 2590 legationis
717 2544 860 2576 causa
881 2545 1041 2592 regem
1061 2529 1276 2577 adierant
1303 2540 1351 2577 et
1376 2531 1625 2595 primiores

211 2611 353 2666 atque
367 2605 591 2670 praecipui
608 2605 731 2653 inter
743 2615 937 2654 (roeteros
951 2607 1224 2654 exstiterant
1235 2643 1248 2666 ,
1273 2607 1492 2654 videlicet
1519 2623 1626 2654 can-

212 2679 428 2727 cellarius
452 2681 663 2730 defuncti
684 2681 820 2730 ducis
838 2684 995 2731 Caroli
1020 2693 1067 2730 et
1082 2684 1307 2731 dominus
1325 2684 1385 2731 de
1397 2683 1624 2731 Humber-

242 2847 247 2850 .
268 2816 307 2854 ¹.
338 2817 569 2852 Dome’nandi
586 2815 682 2854 dans
701 2816 737 2855 le
757 2830 829 2855 ms.
