2060 3392
480 321 558 358 278
1046 310 1320 358 nomeu,

547 409 696 453 Porro
717 419 828 450 cum
849 418 907 448 ex
929 399 1059 447 curia
1083 398 1204 460 regis
1221 395 1571 459 Rothomagum
1591 393 1757 442 delatoe
1774 393 1887 442 fiais·

481 492 587 531 sent
614 478 889 544 hujusmodi
910 477 1073 524 litterae
1109 474 1172 522 ad
1206 473 1351 521 finem
1384 472 1516 537 quod
1553 471 1828 519 solemniter
1845 479 1892 519 et

480 561 640 626 palam
664 556 889 605 omnibus
909 553 1282 620 publicarentur,
1307 567 1419 598 cum
1435 550 1515 598 illa
1535 548 1769 610 clausula,
1788 563 1895 612 quoe

481 639 542 687 de
565 636 705 695 nobis
727 638 775 682 et'
797 633 989 695 collegis
1023 631 1195 678 nostris
1224 629 1520 677 mentionem
1549 626 1760 676 habebat
1791 643 1895 692 spe·

480 715 677 774 cialem,
699 729 729 759 a
749 709 992 758 nonnullis
1013 717 1267 774 conspecta
1289 707 1468 768 fuisset,
1493 706 1577 770 qui
1607 719 1690 753 seu
1712 705 1896 753 sincera

480 794 730 843 affectione
751 800 799 837 et
821 788 1145 836 benivolentia
1163 824 1176 849 ,
1199 802 1284 834 seu
1306 795 1410 833 astu
1427 794 1475 832 et
1498 785 1612 832 dolo
1643 794 1786 850 atque
1806 783 1896 830 ini-

478 873 604 919 mico
621 869 782 917 animo
805 867 868 914 ad
885 865 1035 913 nostri
1056 863 1512 911 circumventionem
1534 871 1759 909 nostrum
1779 860 1899 908 desi-

479 947 712 997 derabant
745 945 948 992 reditum
985 943 1034 1007 (a
1057 959 1154 1006 quo
1182 958 1272 988 nos
1297 956 1492 1006 prorsus
1519 940 1695 996 averti,
1733 938 1897 987 audito

480 1025 613 1091 quod
645 1024 749 1072 talis
774 1023 834 1070 de
871 1021 1013 1070 nobis
1044 1020 1298 1068 reservatio
1329 1019 1463 1067 fieret
1489 1018 1730 1084 specialis,
1763 1033 1897 1065 vere·

479 1101 692 1164 bantur),
726 1100 890 1147 litterae
923 1100 1035 1164 ipsae
1057 1097 1255 1144 minime
1291 1105 1487 1161 propter
1518 1096 1614 1143 hoc
1646 1094 1896 1160 publicatae

480 1180 685 1238 fuerunt,
711 1177 795 1225 sed
812 1176 873 1224 ad
892 1192 1053 1239 regem
1070 1174 1288 1236 remissae,
1317 1183 1388 1236 ut,
1415 1172 1602 1229 sublata
1622 1172 1897 1237 hujusmodi

480 1258 540 1305 de
563 1256 704 1304 nobis
727 1255 960 1313 clausula,
1000 1252 1226 1301 omnibus
1247 1268 1304 1299 ex
1325 1267 1464 1315 aequo
1486 1267 1768 1299 communes
1799 1251 1900 1298 sine

481 1336 640 1399 aliquo
672 1334 859 1381 delectu
875 1332 1038 1379 litterae
1059 1330 1369 1378 haberentur.
1393 1331 1593 1377 Suasum
1616 1329 1794 1394 quippe
1814 1328 1902 1376 fuit

481 1413 602 1475 regi,
647 1411 737 1458 nisi
770 1410 836 1457 ita
871 1408 1027 1467 fieret,
1060 1424 1149 1455 nos
1183 1407 1455 1455 nullatenus
1495 1406 1596 1454 fore
1636 1405 1897 1467 redituros,

480 1489 746 1536 haesitantes
770 1503 831 1534 ne
854 1485 1026 1532 talibus
1047 1501 1137 1532 nos
1157 1499 1374 1549 premere
1399 1484 1598 1531 servitiis
1619 1483 1776 1544 vellet,
1802 1482 1903 1547 qui·

481 1566 573 1613 bus
609 1574 892 1630 perpetuum
913 1563 1071 1610 forsan
1103 1562 1319 1609 exsilium
1350 1560 1728 1626 praeponendum
1761 1561 1903 1610 duce-

484 1659 657 1690 remus.
695 1646 748 1688 In
784 1659 878 1706 qua
908 1641 1243 1707 aestimatione,
1283 1640 1449 1705 procul
1479 1639 1628 1687 dubio
1646 1676 1659 1699 ‚
1703 1639 1900 1686 minime

486 1719 783 1768 fallebantur.

972 1919 1316 1984 CAPITULUM
1349 1919 1428 1964 IX.

513 2049 565 2082 De
579 2044 695 2083 reditu
709 2055 832 2082 nostro
848 2045 894 2081 ad
912 2056 1030 2092 regem
1047 2055 1091 2080 ex
1108 2042 1298 2080 Brabmtia
1315 2044 1382 2079 mh
1397 2042 1470 2078 fide
1485 2052 1627 2079 suarum
1642 2042 1878 2081 securitatum.

555 2181 745 2230 Talibus
761 2181 903 2244 igitur
920 2197 1001 2227 rex
1014 2178 1392 2243 suggestionibus
1409 2178 1575 2239 flexus,
1597 2177 1712 2225 alias
1729 2177 1905 2224 litteras

495 2259 733 2323 generales
756 2257 935 2322 absque
963 2257 1060 2304 ulla
1084 2272 1279 2322 prorsus
1299 2256 1576 2320 exceptione
1601 2255 1676 2302 vel
1699 2269 1909 2302 reserva-

494 2336 626 2384 tione
644 2337 817 2383 confici
829 2336 982 2399 jussit,
1005 2344 1052 2382 et
1072 2334 1251 2399 ubique
1268 2348 1388 2381 voce
1401 2326 1638 2398 praeconia
1649 2332 1909 2397 praecinen·

496 2412 623 2460 tibus
649 2413 774 2460 tubis
802 2412 1051 2478 publicari.
1078 2415 1234 2470 Quam
1256 2412 1518 2458 litterarum
1537 2408 1909 2474 publicationem

499 2506 611 2536 cum
626 2491 721 2536 cari
746 2499 793 2536 et
817 2490 1065 2536 necessarii
1090 2489 1239 2536 nostri
1257 2487 1559 2547 audivissent,
1581 2502 1745 2533 earum
1765 2496 1910 2534 trans·

499 2577 688 2632 sumpta
706 2566 976 2614 authentica
1006 2565 1131 2613 illico
1152 2565 1214 2612 ad
1236 2581 1325 2611 nos
1347 2564 1662 2611 transmittere
1686 2572 1912 2611 curarunt

500 2661 611 2691 cum
642 2654 712 2691 tot
742 2645 883 2691 etiam
908 2643 1145 2706 tantisque
1176 2641 1239 2689 ad
1268 2658 1356 2688 nos
1383 2641 1524 2688 variis
1547 2641 1778 2706 epistoliS,
1809 2650 1912 2688 tum

499 2737 529 2768 a
550 2721 792 2768 nonnullis
816 2720 979 2767 amicis
1006 2735 1127 2783 quos
1161 2729 1276 2765 tunc
1304 2719 1355 2765 in
1391 2718 1590 2765 consilio
1614 2718 1744 2781 regio
1766 2717 1914 2765 habe-

499 2796 685 2858 bamuS,
709 2806 812 2844 tum
833 2798 975 2845 etiam
995 2812 1023 2844 a
1045 2796 1239 2843 diversis
1263 2795 1464 2860 proelatis
1480 2795 1621 2843 nobis
1640 2795 1831 2843 caritate
1847 2809 1904 2842 ac
