2060 3392
430 233 433 237 .
510 211 559 247 56
873 206 1212 243 HISTORIARUM
1238 205 1474 243 LUDOVICI
1502 207 1557 243 XI

511 306 795 346 mercatores
830 294 1126 341 trucidarunt
1143 330 1155 354 ,
1197 294 1279 357 qui
1320 302 1455 340 erant
1492 310 1592 340 non
1632 310 1793 360 parvo.
1818 314 1918 346 nu..

509 391 662 436 mero,
678 373 980 440 praedamque
996 387 1172 432 rerum,
1189 387 1308 434 quas
1328 370 1424 418 illic
1439 366 1919 435 invenerun't‚''sejcum

508 453 813 502 advexerunt.
836 451 910 509 Et,
930 447 1061 511 quod
1077 447 1217 494 nimis
1233 447 1424 495 crudele
1445 458 1588 513 atque
1604 449 1920 500 inhumanum

508 531 707 589 exsistit,
744 527 886 575 etiam
913 541 1001 572 nec
1035 524 1329 586 mulieribuS,
1356 542 1445 574 nec
1473 527 1631 591 pueris
1659 529 1920 594 pepercisse

507 607 793 655 ferebantur.

571 689 629 733 Et
650 700 760 731 cum
777 682 866 748 ipsi
885 682 1051 728 Franci
1072 680 1317 729 machinas
1344 681 1458 730 belli
1481 683 1627 748 ipsius
1646 684 1780 733 ducis
1808 702 1923 734 con·

506 763 794 828 quisiissent',
834 775 946 807 cum
982 757 1157 823 quibus
1196 759 1340 807 etiam
1385 759 1610 808 adversus
1650 762 1922 827 Flamingos

505 834 605 888 sese
651 852 845 903 quoque
879 835 1178 883 communire
1209 836 1543 902 disponerent,
1599 839 1790 887 easdem
1833 841 1921 906 ipsi

506 916 760 980 Flamingi,
783 915 833 962 in
854 930 936 962 eos
964 923 1073 980 post
1095 914 1298 962 modum
1322 910 1570 978 Irruentes,
1596 919 1725 966 caesis
1745 919 1821 967 vel
1848 919 1923 966 fu·

505 996 622 1059 gatis
656 991 888 1048 hostibus',
919 1001 1282 1057 recuperarunt,
1308 1002 1356 1040 et
1388 993 1449 1041 de
1467 993 1560 1056 his,
1589 988 1696 1058 quae
1716 992 1923 1044 Franco-

505 1089 611 1121 rum
642 1080 752 1119 ante
790 1069 999 1130 fuerant,
1033 1069 1194 1135 plures
1233 1071 1570 1134 acquisierunt.
1613 1074 1730 1133 Quae
1763 1083 1922 1122 tamen

505 1165 616 1197 cum
636 1147 771 1212 equis
789 1145 959 1194 devehi
998 1155 1141 1210 atque
1177 1147 1414 1211 exportari
1436 1148 1615 1212 potuit,
1658 1150 1832 1197 Franci*
1852 1166 1924 1197 se·

504 1243 615 1274 cum
631 1223 841 1291 praedam
871 1223 1107 1282 tulerunt3
1123 1239 1227 1287 quae
1261 1223 1371 1271 satis
1388 1224 1616 1290 opulenta
1639 1225 1780 1274 fuisse
1797 1227 1924 1276 dice·

504 1305 659 1352 batur.
1500 1341 1503 1343 Α

570 1379 679 1426 Tale
697 1379 857 1443 itaque
877 1384 1118 1424 certamen
1140 1383 1188 1422 et
1211 1375 1462 1423 conflictus
1479 1375 1567 1423 fuit
1581 1377 1716 1425 ducis
1735 1380 1925 1427 Austriae

505 1469 551 1505 et
574 1473 768 1504 suorum
804 1454 1159 1517 Flamingorum
1194 1469 1305 1500 cum
1331 1456 1624 1501 Francorum
1659 1456 1827 1521 copiis,
1859 1458 1927 1504 in-

505 1547 576 1583 ter
601 1535 840 1582 Morinum
883 1543 930 1581 et
951 1531 1184 1597 oppidum
1220 1529 1480 1588 Hesdincle,
1519 1548 1682 1580 mense
1719 1535 1921 1597 augusti,

507 1630 635 1661 anno
649 1611 845 1660 Domini
861 1625 1171 1658 Mccccnxxlx.
1189 1611 1247 1655 Et
1259 1608 1484 1656 dormivit
1495 1609 1576 1657 illa
1593 1619 1734 1658 nocte
1756 1611 1926 1676 (usque

506 1689 567 1737 ad
593 1704 739 1753 quam
771 1686 1049 1734 dimicatum
1077 1684 1172 1747 est)
1199 1683 1328 1731 idem
1354 1683 1450 1730 dux
1474 1685 1665 1740 Austriae
1688 1686 1738 1733 in
1763 1688 1926 1735 castris

506 1772 814 1815 Francorum.
841 1767 912 1811 De
949 1761 1152 1810 ducibus
1182 1771 1341 1809 autem
1377 1762 1495 1809 nulli
1529 1765 1822 1811 Francorum
1857 1764 1924 1813 ihi

507 1845 730 1893 cecidisse
764 1831 1008 1908 comperti
1040 1850 1173 1901 sunt,
1211 1849 1380 1904 praeter
1415 1839 1538 1887 duos
1577 1858 1587 1886 :
1629 1858 1805 1904 unum,
1843 1844 1925 1908 qui

506 1933 607 1971 erat
634 1921 838 1969 ballivus
858 1918 1277 1981 Rothomagensis3
1299 1918 1418 1965 alter
1440 1927 1541 1965 erat
1561 1921 1926 1982 cognominatus

506 2004 568 2048 Le
595 2000 957 2062 Beauvoysien¹,
993 1997 1268 2062 capitaneus
1292 2007 1484 2044 centum
1513 1997 1806 2046 lancearum.
1831 2001 1925 2047 Sed

506 2079 582 2124 ille
612 2077 832 2138 ballivus,
867 2076 1234 2139 cognominatus
1267 2076 1452 2134 Wast²‚
1482 2075 1530 2121 in
1559 2075 1728 2140 proelio
1762 2077 1925 2125 vulne-

506 2165 652 2213 ratus,
692 2155 810 2202 dum
852 2153 1093 2202 curandus
1128 2152 1482 2216 Rothomagum
1514 2153 1833 2213 reveheretur,
1874 2156 1924 2202 in

505 2232 806 2280 Abbatisvilla
842 2232 1014 2279 obiisse
1049 2230 1303 2278 ferebatur.
1342 2232 1449 2277 Non
1488 2230 1576 2278 fuit
1609 2240 1768 2278 autem
1808 2231 1927 2280 rela-

502 2322 604 2358 tum
647 2310 806 2374 quod,
847 2311 898 2357 in
937 2326 996 2357 eo
1028 2309 1287 2357 certamine
1303 2343 1323 2369 ,Ι
1359 2309 1588 2379 Elamingi
1630 2325 1688 2356 ex
1733 2311 1925 2358 Francis

556 2463 594 2500 1.
625 2465 679 2500 Le
709 2460 806 2498 beau
832 2453 998 2509 N‘ojsien
1025 2461 1121 2499 dans
1147 2461 1184 2499 le
1207 2473 1280 2498 ms.
1305 2460 1440 2499 C’etait
1463 2473 1517 2498 un
1545 2461 1669 2499 soldat
1694 2461 1742 2499 de
1770 2461 1924 2500 fortune

494 2523 652 2562 nomme
670 2522 811 2561 Martin
832 2522 954 2569 Petit,
989 2535 1065 2573 que
1087 2522 1204 2560 Louis
1227 2524 1286 2560 XI
1308 2522 1412 2560 avait
1435 2521 1567 2560 anobli
1592 2535 1641 2561 en
1671 2525 1790 2562 1467.
1822 2525 1920 2572 (Ar-

496 2586 627 2624 chives
657 2585 704 2623 de
731 2585 872 2636 l’Emp.
900 2587 994 2637 Reg.
1022 2587 1058 2623 J.
1094 2586 1195 2631 194,
1221 2585 1330 2637 piece
1358 2586 1469 2634 372.)
1493 2585 1650 2624 Molinet
1680 2586 1858 2638 l'appelle
1885 2587 1921 2625 le

495 2649 684 2701 capitaine
705 2648 929 2700 Argenterel
949 2664 956 2686 :
980 2648 1073 2686 c'est
1090 2649 1126 2685 131
1152 2661 1238 2686 sans
1258 2648 1374 2687 doute
1392 2662 1444 2687 un
1462 2662 1554 2687 nom
1573 2648 1622 2687 de
1639 2661 1792 2701 guerre.
1842 2653 1843 2657 ’

549 2715 587 2751 2.
619 2715 713 2750 Jean
728 2741 738 2759 ‚
766 2712 820 2749 dit
849 2714 1017 2759 Houast,
1043 2711 1091 2749 de
1115 2712 1414 2764 Montesped0n‚
1442 2712 1619 2764 seigneur
1644 2712 1693 2750 de
1713 2712 1917 2765 Beauvoin
