2060 3392
465 305 543 347 250
1019 301 1270 344 APOLOGIA
1281 329 1292 349 ,

463 401 561 438 tam
597 390 819 438 decenter
855 390 1076 452 amictos,
1109 399 1207 436 tam
1240 390 1392 437 claros
1429 399 1475 436 et
1510 388 1680 437 hilares
1718 391 1875 447 vultus

463 481 603 535 atque
627 472 756 519 laetos
789 468 1103 537 praetendere,
1131 479 1208 530 ut,
1235 469 1402 540 procul
1427 467 1600 537 dubio,
1639 473 1875 526 utrorum.-

461 568 555 619 que
590 551 881 618 populorum
913 559 1011 603 tam
1045 559 1206 617 aperta
1239 560 1297 609 et¹
1317 559 1570 616 conspecta
1608 549 1872 614 diversitas,

462 646 562 680 non
585 628 715 695 aliud
743 638 888 697 quam
919 625 1235 682 differentiam
1257 627 1545 682 conditionis
1565 625 1826 683 liberorum
1845 644 1875 686 a

456 706 628 772 pressis
651 705 755 758 dira
775 705 996 759 servitute
1019 715 1253 767 ostentare
1271 704 1504 756 videatur.
1600 710 1604 714 '
1802 724 1806 728 ·

522 787 656 836 Hanc
679 784 925 850 utriusque
948 793 1081 838 terrae
1116 793 1162 836 et
1193 784 1360 851 populi
1390 782 1688 832 differentem
1705 782 1874 839 condi-

455 861 638 911 tionem
672 871 938 927 statumque
973 871 1243 928 compertos
1274 872 1321 914 et
1356 871 1590 928 spectatos
1624 878 1674 910 se
1695 859 1874 918 habere

455 939 667 999 dicebat,
703 950 750 987 et
778 941 871 991 alia
898 939 1036 1006 plura
1065 939 1115 988 in
1147 938 1366 993 eamdem
1387 939 1695 999 sententiam,
1725 938 1873 994 extol·

452 1017 597 1073 lendo
631 1018 768 1068 valde
807 1035 911 1083 quae
940 1018 992 1067 in
1025 1017 1189 1070 alienis
1222 1016 1443 1076 vidisset3
1484 1033 1625 1084 super
1655 1016 1730 1069 his
1757 1032 1872 1071 vero

453 1095 798 1145 calamitatibus
819 1112 937 1160 quas
959 1095 1010 1147 in
1032 1110 1180 1159 regno
1203 1094 1427 1165 reperiret
1448 1104 1494 1141 et
1514 1094 1648 1148 terris
1669 1111 1872 1162 quarum

452 1173 636 1235 genitor
671 1190 783 1225 suus
819 1173 1200 1232 moderationem
1233 1181 1375 1238 atque
1416 1172 1872 1234 administrationem

450 1251 686 1313 gessisset,
710 1261 763 1305 ut
786 1251 936 1305 videri
957 1261 1165 1317 poterat,
1204 1251 1542 1303 commiserans
1574 1262 1715 1316 atque
1742 1253 1873 1318 inge-

451 1329 669 1390 miscens,
693 1345 742 1376 se
758 1328 1066 1381 vehementer
1086 1328 1295 1395 compati
1317 1327 1607 1394 pauperibus
1622 1329 1873 1393 regnicolis

449 1414 496 1453 et
517 1404 575 1452 de
597 1421 765 1457 eorum
785 1405 1029 1472 pauperie,
1055 1405 1277 1457 aerumnis
1300 1413 1347 1451 et
1370 1404 1509 1452 variis
1526 1404 1872 1459 calamitatibus

449 1483 684 1530 visceroso
704 1493 750 1530 et
773 1491 875 1535 toto
898 1482 1061 1534 animo
1086 1481 1345 1535 condolere
1370 1481 1550 1543 aiebat,
1578 1481 1732 1546 deque
1751 1483 1871 1536 nihil

449 1569 547 1608 tam
581 1554 827 1624 affectare,
867 1575 1013 1624 quam
1044 1569 1097 1606 ut
1122 1558 1181 1611 de
1203 1568 1338 1607 tanto
1361 1575 1443 1605 eos
1465 1559 1775 1626 miseriarum,
1792 1577 1871 1610 cu-

448 1637 579 1689 mulo
602 1647 760 1702 posset
792 1635 1000 1689 relevare
1023 1645 1071 1689 et
1094 1635 1258 1689 omnia
1291 1634 1341 1682 in
1374 1634 1590 1688 debitum
1621 1645 1762 1700 atque
1784 1635 1869 1689 de-

446 1725 634 1763 centem
661 1724 858 1777 statum,
891 1715 942 1765 in
966 1703 1075 1778 ‘quo
1099 1713 1215 1762 olim
1245 1723 1446 1776 regnum
1480 1712 1673 1759 feliciter
1705 1713 1869 1781 priscis

445 1793 534 1842 illis
571 1791 773 1840 florebat
814 1790 1112 1857 temporibus
1125 1827 1138 1851 ‚
1184 1790 1462 1843 instaurare.
1503 1791 1650 1854 Atque
1683 1790 1867 1843 utinam

445 1870 616 1919 effectu
637 1879 684 1923 et
707 1885 849 1936 opere
872 1869 937 1915 ita
969 1884 1077 1918 eam
1097 1866 1227 1937 piam
1259 1876 1307 1913 et
1329 1876 1541 1920 sanctam
1567 1865 1867 1916 affectionem

445 1948 754 2009 exhibuisset,
791 1944 1203 2011 quemadmodum
1227 1946 1422 2010 copiosa
1448 1946 1558 1999 satis
1577 1947 1792 2000 oratione
1820 1955 1867 1997 et

444 2025 600 2076 verbis
617 2026 808 2090 optimis
829 2023 1008 2076 habere
1031 2022 1300 2077 ostentabat
1320 2021 1330 2074 I

916 2236 1261 2284 CAPITULUM
1312 2237 1390 2283 111.

464 2374 658 2419 Quomodo
678 2374 864 2410 consilium
883 2387 904 2409 a
919 2373 1024 2409 nobis
1041 2372 1120 2408 dari
1135 2372 1280 2419 expetiit
1291 2398 1300 2414 ,
1319 2371 1505 2419 quomodo
1522 2378 1594 2406 tam
1609 2372 1706 2420 piam
1723 2372 1838 2409 imen-

713 2432 849 2467 tionem
872 2443 970 2467 suam
989 2429 1035 2467 ad
1051 2429 1216 2466 effectum
1236 2428 1432 2479 perducere
1449 2438 1577 2476 posset.

504 2554 688 2615 Quibus
723 2555 866 2603 etiam
900 2571 999 2606 non
1032 2563 1284 2600 contentus
1300 2591 1312 2615 ,
1350 2570 1487 2616 cum,
1526 2554 1592 2600 uti
1626 2553 1854 2620 diximus,

439 2643 609 2681 nostrae
642 2633 858 2700 parvitati
894 2649 984 2698 pro
1021 2642 1183 2690 nostra
1225 2630 1557 2695 hujuscemodi
1591 2622 1859 2685 commoni-

438 2711 567 2759 tione
607 2711 776 2776 gratias
815 2711 1044 2759 maximas
1083 2725 1132 2757 se
1170 2707 1348 2774 habere
1383 2707 1600 2774 dixisset,
1638 2708 1856 2756 eamdem

437 2789 579 2837 etiam
600 2789 781 2836 iterum*
794 2797 935 2851 atque
954 2788 1125 2835 iterum
1144 2785 1407 2858 rogandam
1425 2796 1567 2852 atque
1589 2786 1856 2853 imprecan-
