2060 3392
646 230 795 268 LIBER
820 230 1024 271 SEXTUS.
1471 233 1547 269 119

134 337 283 386 quam
301 319 652 379 victoriafiteoe
665 318 804 384 potiti
823 353 836 377 ‚
858 318 1098 367 civitatem
1123 318 1393 384 petiissent,
1419 319 1551 368 nulla

134 398 260 451 ficta
311 398 597 457 resistentia,
651 395 946 444 deditionem
989 395 1116 444 cives
1162 395 1393 444 fecissent.
1448 399 1551 444 Hoc

134 477 313 543 quippe
334 474 583 525 verisimile
597 474 708 522 satis
725 484 812 532 est,
833 490 963 533 cum,
987 473 1197 522 resoluto
1214 473 1404 538 tyranni
1412 474 1547 538 jug0‚

133 554 221 620 qui
239 556 431 618 Iloyum
447 551 695 615 aufugiens
710 551 950 599 civitatem
972 551 1241 616 reliquerat,
1267 549 1485 599 viderent
1502 568 1552 598 se

133 631 402 696 libertatem
439 629 619 678 habere
668 628 870 678 faciendi
917 628 1213 677 deditionem
1227 664 1241 688 ,
1280 629 1321 676 si
1356 628 1547 677 vellent.

133 711 236 758 Hac
262 709 440 775 quippe
463 723 561 756 una
592 716 814 772 poterant
840 707 942 765 via,
973 716 1021 754 et
1046 722 1244 754 omnem
1269 715 1451 754 metum
1480 716 1552 771 ty-

133 788 340 841 mnioee
385 785 706 852 oppressionis
739 785 864 832 illius
907 784 1119 848 sacrilegi
1138 820 1151 844 ‚
1190 794 1238 832 et
1272 784 1471 832 civitatis
1507 794 1554 831 et

132 865 296 932 patriae
340 880 435 912 suae
450 899 464 923 ,
505 879 652 927 quam
689 861 902 926 undique
934 861 1163 910 videbant
1197 862 1376 927 rapinis
1411 870 1554 926 atque

132 940 366 993 incendiis
383 940 634 999 devastari,
650 939 846 989 exitium
866 938 1072 1002 effugere
1089 948 1137 986 et
1154 938 1379 986 devitare.
1404 941 1553 984 Porro

134 1018 186 1068 id
206 1019 405 1068 minime
430 1017 773 1066 Brabantiones
794 1017 1035 1076 fecerunt3
1057 1016 1143 1065 sed
1160 1016 1223 1064 ad
1243 1016 1336 1064 alia
1357 1015 1555 1063 diverte-

133 1106 262 1145 runt.
305 1098 422 1155 Quae
454 1112 529 1143 res
547 1100 609 1143 'et
639 1095 706 1142 illi
740 1094 902 1160 patriae
941 1094 1027 1142 fuit
1053 1093 1288 1142 damnosa
1314 1093 1479 1153 valde,
1506 1102 1554 1140 et

131 1175 337 1239 tyranno
375 1174 592 1222 inducias
622 1173 843 1222 contulit.
858 1173 921 1221 ad
957 1190 1105 1222 novas
1146 1173 1310 1239 copias
1335 1189 1392 1221 ac
1430 1172 1552 1220 vires

134 1251 498 1317 comparandas.

557 1437 901 1483 CAPITULUM
949 1437 1115 1483 XXXI.
1136 1439 1144 1442 ⁴

133 1572 188 1608 De
197 1571 383 1608 vani-im
396 1584 459 1619 spe
474 1583 581 1618 quam
595 1571 835 1619 Traiectense·
847 1579 1082 1620 reposuerant
1096 1571 1135 1606 in
1150 1571 1283 1608 auxilio
1294 1571 1449 1619 primum
1465 1571 1556 1618 regin

181 1628 415 1673 Francorum,
432 1627 590 1664 secundo
605 1628 706 1663 ducis
722 1628 907 1673 Clivmsis,
927 1628 1030 1664 tertio
1049 1627 1136 1663 dicti
1152 1627 1311 1676 sacrilegi
1319 1627 1536 1674 Arenberghe
1547 1653 1557 1669 ,

181 1697 203 1720 a
216 1697 287 1733 qua
299 1685 501 1733 turpissime
515 1683 723 1721 exciderunt
735 1685 763 1720 ¹.

201 1815 517 1880 Trajectenses
538 1825 699 1863 autem
725 1815 809 1879 qui
839 1824 955 1862 tunc
976 1813 1373 1861 administrabant
1396 1814 1556 1861 civita-

134 1902 258 1953 tem,
290 1902 338 1941 et
358 1893 519 1940 cuncti
540 1892 814 1941 rebellionis
840 1892 1071 1951 fautores,
1096 1908 1257 1939 rerum
1280 1891 1393 1939 dicti
1416 1893 1556 1940 sacri-

134 1970 227 2035 legi
263 1971 452 2036 tyranni
485 1970 758 2018 Leodiensis
784 1969 1158 2036 opperiebantur
1177 1980 1419 2019 eventum.
1450 1971 1555 2019 Suae

133 2047 269 2096 enim
299 2048 398 2112 spei
428 2063 574 2095 omne
610 2046 983 2095 stabilimentum
1025 2048 1075 2094 in
1115 2063 1226 2112 rege
1262 2050 1555 2096 Francorum

133 2125 370 2192 primum,
397 2125 466 2172 uti
484 2142 640 2191 supra
673 2125 905 2187 diximus,
936 2135 1273 2191 reposuerant;
1300 2125 1474 2173 deinde
1506 2127 1554 2173 in

135 2202 259 2253 duce
288 2201 495 2250 Clivensi
510 2239 523 2263 ,
560 2202 694 2267 cujus
717 2202 908 2250 fratrem
939 2201 1312 2266 Enghelbertum
1342 2202 1392 2249 in
1415 2219 1555 2249 suum

134 2278 433 2332 defensorem
456 2297 539 2328 seu
571 2279 846 2329 ruwardum
875 2280 1198 2340 adsciverant,
1223 2278 1401 2328 foedere
1432 2279 1555 2328 facto

133 2373 246 2407 cum
281 2358 454 2407 eodem
482 2359 611 2407 duce
645 2359 779 2424 quod
807 2359 875 2406 eis
911 2358 1088 2406 auxilio
1123 2357 1246 2406 foret
1276 2357 1571 2417 adfuturus,

134 2437 272 2484 tertio
293 2437 438 2486 etiam
473 2438 523 2484 in
560 2437 685 2484 illius
706 2437 894 2501 tyranni
926 2436 1199 2484 Leodiensis
1218 2437 1552 2501 prosperitate,

98 2558 106 2565 .
134 2515 173 2563 si
192 2515 282 2563 sibi
304 2516 576 2578 obveniret,
600 2516 863 2582 plurimum
886 2515 1218 2577 confidebant,
1236 2514 1557 2579 jactitabatur-

192 2683 227 2720 Ι.
257 2680 436 2732 Chapitre
463 2680 641 2732 imprime
669 2680 764 2719 dans
790 2680 845 2718 les
878 2681 1065 2716 Analecta
1094 2676 1143 2716 de
1172 2676 1370 2715 Matthaeus
1395 2684 1433 2713 et
1462 2675 1556 2713 dans

135 2743 410 2794 l‘Amplisse'ma
427 2745 607 2781 collectio.
