2060 3392
464 257 539 296 388
1031 250 1300 302 APOLOGIA,

460 362 545 394 seu
584 360 775 393 causam
805 342 1061 402 habentes,
1106 341 1394 406 liberiusque
1428 342 1510 389 tali
1544 357 1688 389 onere
1727 339 1868 390 abso·

458 422 590 481 lutis,
615 421 816 487 quietius
840 429 983 485 atque
1010 419 1308 484 tranquillius
1332 419 1550 480 lectioni,
1578 417 1782 466 orationi
1813 433 1869 465 ac

456 500 733 548 suavissimo
797 499 897 546 otio
953 497 1368 563 contemplationis
1381 534 1394 559 ,
1456 495 1869 563 spiritualibusque

453 576 684 624 exercitiis
720 575 859 642 liceat
887 575 1163 624 incumbere
1191 585 1239 623 et
1272 591 1454 623 vacare.

927 770 1265 816 CAPITULUM
1305 770 1384 815 XI.

895 905 1029 949 Quinta
1043 905 1134 941 ratio
1151 903 1416 940 consolationis.

513 1029 570 1075 Et
598 1027 700 1075 haec
733 1027 928 1092 quidem
955 1036 1123 1092 quarta
1163 1027 1283 1074 ratio
1313 1043 1396 1074 seu
1431 1025 1747 1075 consideratio
1761 1061 1775 1086 ,
1809 1043 1866 1075 ex

447 1121 541 1169 qua
573 1105 622 1152 in
653 1103 1062 1171 persecutionibus
1097 1103 1269 1152 nostris
1301 1103 1640 1151 consolationis
1661 1103 1866 1169 plurima

446 1182 752 1231 delinimenta
790 1193 934 1248 atque
970 1182 1181 1229 fomenta
1217 1181 1502 1244 invenimus,
1540 1181 1640 1228 aliae
1674 1197 1867 1246 quoque

443 1260 586 1307 etiam
619 1277 737 1325 quas
771 1260 1138 1325 praenotavimus
1153 1296 1166 1320 ,
1195 1275 1251 1305 ex
1288 1258 1454 1323 quinta
1485 1257 1866 1307 consideratione

444 1339 648 1386 maxime
683 1338 933 1386 firmantur
954 1348 1001 1386 et
1032 1338 1346 1396 roborantur;
1382 1337 1480 1383 imo
1502 1353 1557 1384 ex
1581 1337 1681 1402 ipsa
1703 1336 1866 1402 plena·

444 1414 568 1461 rium
595 1415 952 1480 perfectumque
975 1415 1268 1473 antidotum,
1294 1423 1341 1460 et
1363 1422 1529 1461 contra
1559 1429 1754 1461 omnem
1784 1413 1867 1462 ad·

443 1492 678 1538 versitatis*
691 1491 995 1538 acerbitatem
1017 1508 1100 1538 seu
1124 1489 1442 1538 tribulationis
1464 1489 1537 1537 vel
1561 1490 1758 1537 fortunae
1780 1490 1866 1537 im-

442 1579 608 1634 petum
627 1567 1004 1616 efficacissimum
1025 1578 1166 1631 atque
1183 1567 1580 1631 jucundissimum
1602 1567 1864 1615 remedium

443 1663 795 1712 comparamus.
815 1649 922 1710 Ipsa
938 1646 1114 1710 quippe
1132 1655 1202 1691 est
1219 1643 1483 1691 consolatio
1504 1644 1859 1709 scripturarum.

443 1727 514 1772 De
534 1725 625 1772 hac
657 1724 822 1772 beatus
844 1724 1018 1771 Paulus
1043 1722 1106 1770 ad
1130 1725 1370 1769 Romanos
1398 1720 1608 1768 scribens
1635 1739 1646 1768 ε
1679 1741 1699 1767 α
1727 1724 1865 1780 Quae.-

443 1818 649 1867 cumque
691 1802 820 1849 enim
863 1802 1038 1866 scripta
1083 1809 1194 1847 sunt
1237 1820 1259 1843 n
1297 1800 1452 1863 inquit
1492 1819 1515 1844 «
1555 1799 1618 1847 ad
1652 1810 1864 1850 nostram

442 1878 711 1926 doctrinam
733 1879 907 1943 scripta
928 1887 1062 1939 sunt,
1090 1886 1143 1923 ut
1166 1893 1251 1941 per
1271 1876 1548 1940 patientiam
1571 1885 1618 1924 et
1647 1878 1866 1926 consola-

442 1957 623 2004 tionem
645 1957 986 2021 scripturarum
1012 1971 1145 2020 spem
1175 1953 1464 2013 habeamus,
1499 1973 1522 1998 »
1554 1963 1601 2001 et
1628 1955 1860 2020 propheta

443 2035 598 2098 regius
617 2035 666 2081 in
680 2033 863 2099 psalmo
885 2051 895 2079 ε
921 2053 944 2076 «
967 2031 1144 2079 Parasti
1168 2031 1218 2077 in
1237 2039 1497 2096 conspectu
1519 2047 1628 2078 meo
1649 2048 1862 2081 mensam

444 2111 618 2157 scilicet
661 2109 1002 2173 scripturarum
1041 2105 1267 2154 adversus
1310 2123 1476 2154 omnes
1518 2107 1601 2170 qui
1635 2106 1863 2156 tribulant

443 2203 536 2233 me.
564 2206 587 2231 »
622 2189 675 2232 ln
706 2185 797 2232 hac
830 2200 995 2232 mensa
1026 2183 1210 2245 divina,
1239 2183 1288 2229 in
1317 2182 1412 2230 hoc
1435 2183 1610 2230 coelesti
1640 2185 1861 2232 convivio

442 2273 583 2311 tantae
611 2262 866 2323 suavitatis,
892 2270 1032 2308 tantae
1055 2259 1361 2307 dulcitudinis
1387 2270 1458 2307 est
1483 2260 1695 2308 invenire
1719 2261 1862 2309 refec-

442 2343 646 2402 tionem,
673 2349 727 2387 ut
750 2339 964 2404 profecto
989 2337 1107 2384 nihil
1145 2336 1267 2384 adeo
1298 2336 1454 2398 dulce,
1488 2337 1610 2384 adeo
1639 2354 1781 2386 suave
1813 2349 1861 2387 et

437 2417 705 2482 jucundum
725 2416 774 2462 in
798 2415 905 2462 ullis
933 2412 1201 2461 carnalibus
1221 2413 1373 2478 epulis
1395 2414 1594 2478 experiri
1618 2415 1725 2477 quis
1745 2431 1860 2480 pos·

442 2495 524 2553 sit,
555 2513 578 2538 «
605 2492 718 2556 quia
742 2490 918 2549 dulcia,
951 2508 973 2533 n
996 2489 1150 2552 inquit
1181 2504 1312 2535 sacer
1332 2489 1566 2553 psalmus,
1597 2511 1619 2534 «
1648 2490 1863 2539 faucibus

443 2571 559 2618 meis
580 2568 769 2632 eloquia
791 2577 873 2614 tua
894 2581 1035 2630 super
1053 2565 1147 2612 mel
1165 2565 1237 2612 ori
1260 2582 1385 2612 meo.
1416 2586 1438 2609 »

509 2650 616 2694 Haec
649 2643 877 2704 dulcedo,
918 2642 1017 2689 haec
1051 2642 1254 2689 suavitas
1293 2651 1391 2690 tam
1428 2659 1602 2707 magna
1634 2654 1726 2706 est,
1764 2654 1860 2693 tam

442 2734 633 2791 potenS,
679 2720 934 2787 praesertim
975 2736 1085 2766 cum
1116 2728 1297 2766 aeternae
1330 2719 1634 2769 beatitudinis
1666 2722 1857 2787 praemia
