2060 3392
190 478 447 529 oppressus
483 471 571 509 est.
614 463 672 507 Et
710 460 821 508 licet
856 460 1201 509 nonnullorum
1217 496 1231 521 ,
1270 460 1353 524 qui
1386 461 1612 525 praecipui

190 549 410 588 auctores
429 538 646 586 factionis
667 547 779 585 ante
799 537 987 586 fuerant
1004 575 1018 600 ‚
1049 537 1182 585 bona
1207 537 1392 603 direpta
1415 537 1510 584 sint
1524 572 1536 596 ,
1566 547 1614 584 et

191 616 254 666 de
293 616 585 682 quibusdam
600 672 607 678 x
625 615 781 663 ductis
824 616 875 662 in
919 616 1320 680 Bagam-Comitis
1338 617 1351 640 ¹
1382 615 1613 681 supplicia

190 705 405 761 empta,
441 693 602 758 quoad
632 692 870 759 plebeiam
901 704 1060 742 tamen
1098 693 1452 742 multitudinem
1479 695 1615 759 oppi-

190 772 311 821 dum
343 772 577 820 intactum
610 772 852 820 remansit.
892 772 1038 835 Cujus
1072 771 1406 820 subactionem
1449 782 1616 820 caetera

192 849 373 916 oppida
407 849 623 914 ejusdem
666 859 807 897 antea
845 849 1089 911 factionis,
1131 866 1237 913 quae
1278 850 1441 915 potius
1475 867 1616 898 suum

191 927 462 993 principem
493 936 802 975 contemnere
818 964 831 990 ‚
858 943 1005 991 quam
1029 927 1092 974 ad
1113 933 1231 974 eum‘
1255 927 1475 975 debitum
1504 927 1617 976 sub·

187 1004 409 1069 ¹iectionis
442 1013 491 1052 et
522 1003 805 1053 obedientiae
845 1021 1032 1052 servare
1065 1004 1370 1067 videbantur,
1399 1008 1620 1055 exterrita

193 1092 249 1131 et
276 1082 494 1130 emollita
509 1119 523 1144 ‚
571 1099 621 1131 se
657 1082 872 1147 ejusdem
916 1083 988 1130 sui
1026 1083 1255 1149 principis
1299 1083 1620 1133 dominationi

130 1160 134 1163 ’
194 1161 346 1226 magis
364 1161 539 1229 devota
558 1172 702 1226 atque
727 1161 1001 1210 obedientia
1019 1161 1355 1209 exhibuerunt.

262 1242 359 1288 Nec
379 1249 541 1287 tamen
562 1249 817 1304 propterea
833 1239 1016 1288 radices
1040 1239 1328 1286 seditionum
1347 1255 1376 1287 a
1393 1239 1621 1288 cordibus

196 1316 548 1365 Hoeckensium
584 1316 756 1364 evulsae
796 1333 994 1382 prorsus
1031 1327 1115 1364 aut
1152 1326 1380 1364 emortuae
1425 1317 1621 1366 redditae

196 1403 336 1454 sunu
362 1394 479 1459 quin
508 1394 607 1441 imo
624 1430 637 1454 ,
665 1394 835 1459 procul
865 1393 1042 1456 dubio,
1073 1415 1096 1438 α
1122 1404 1319 1442 manent
1344 1394 1439 1443 alta
1460 1406 1621 1444 mente
1666 1414 1670 1418 ·

197 1481 418 1538 repostae3
442 1490 465 1516 ι
486 1482 535 1519 et
555 1472 594 1520 si
613 1509 625 1533 ‚
652 1482 901 1537 premente
924 1482 1056 1519 metu
1075 1489 1165 1538 pro
1189 1482 1406 1538 tempore
1433 1473 1621 1521 silentio

197 1558 438 1612 teguntur,
476 1559 637 1597 tamen
667 1549 928 1614 aliquando
966 1549 1005 1597 si
1042 1550 1092 1596 in
1123 1559 1342 1615 apertum
1381 1567 1623 1614 emergere

196 1627 381 1674 licuerit
394 1663 408 1688 ,
434 1626 698 1675 verendum
724 1637 796 1674 est
826 1643 886 1675 ne
912 1628 963 1674 in
986 1643 1217 1691 magnum
1250 1628 1520 1693 irrumpant
1542 1629 1623 1675 in-

198 1703 424 1751 cendium
437 1707 469 1766 ⁵,
490 1715 538 1752 et
558 1720 619 1752 ne
638 1704 845 1752 acriores
866 1705 961 1752 sint
980 1721 1169 1752 morsus
1190 1705 1466 1753 intermissae
1480 1705 1624 1754 liber-

198 1780 322 1842 tatis,
346 1796 493 1845 quam
512 1790 721 1842 retentae,
743 1780 876 1844 juxta
892 1781 1175 1829 sententiam
1186 1782 1456 1829 Ciceronis:
1478 1798 1624 1846 quam

201 1867 359 1906 tamen
379 1868 560 1924 pestem
582 1861 712 1906 Deus
731 1868 912 1906 avertat
928 1897 941 1921 ‚
961 1869 1009 1906 et
1025 1860 1195 1907 omnia
1208 1860 1485 1923 hujusmodi
1504 1860 1626 1909 ziza-

202 1927 394 1984 niorum
424 1937 606 1984 semina
635 1936 695 1983 de
727 1953 923 1983 suorum
956 1937 1127 1984 animis
1158 1936 1371 1985 fidelium
1402 1938 1626 1986 radicitus

201 2012 423 2077 dignetur
443 2013 678 2079 propitius
701 2011 921 2061 evellere!

267 2089 362 2137 Sed
391 2090 501 2137 licet
523 2089 575 2136 hi
603 2090 686 2155 qui
723 2089 784 2138 de
814 2090 1046 2155 Trajecto,
1074 2091 1143 2138 uti
1171 2091 1474 2157 praediximus
1489 2130 1501 2152 ,
1528 2109 1627 2158 op—

201 2167 371 2235 pidum
395 2168 566 2233 Leydis
586 2169 636 2215 in
661 2168 872 2216 favorem
894 2169 1108 2216 exsulum
1134 2170 1424 2236 irruperunt,
1444 2171 1626 2236 oppido

0 2251 24 2329 tf
202 2245 394 2308 relicto,
420 2246 482 2294 ad
504 2246 699 2312 propria
722 2247 1021 2295 revertissent
1036 2283 1049 2307 ,
1079 2264 1180 2295 non
1208 2259 1368 2296 tamen
1388 2265 1536 2315 parvo
1558 2250 1628 2296 iu-

3 2330 13 2336 '
199 2323 375 2388 juriam
393 2362 405 2384 ,
444 2325 495 2371 in
531 2324 661 2383 dicto
702 2325 875 2389 insigni
910 2325 1091 2392 oppido
1128 2326 1218 2374 sibi
1246 2344 1302 2375 ac
1330 2328 1424 2375 loci
1457 2328 1630 2376 accolis

204 2401 375 2450 saetam
389 2438 403 2461 ,
432 2401 530 2449 dux
572 2403 766 2449 Austriae
780 2440 792 2463 ‚
822 2403 1087 2451 Hollandiae
1114 2405 1337 2471 princeps
1354 2442 1367 2465 ‚
1397 2406 1631 2453 aestiman-

205 2478 318 2527 dam
358 2478 434 2527 vel
471 2479 705 2542 neglectui
759 2478 1036 2527 habendam
1077 2481 1226 2528 duxit.
1281 2485 1455 2530 Verum
1501 2483 1628 2547 gravi

175 2593 185 2603 .
205 2555 409 2622 proinde
432 2556 503 2604 ira
527 2573 583 2604 ac
612 2556 943 2621 indignatione
975 2558 1201 2608 adversus
1230 2561 1547 2624 Trajectenses
1583 2569 1629 2606 et

707 296 855 332 LIBER
882 295 1085 333 SEXTUS.
1560 298 1608 333 '19
1625 299 1631 301 ⁴

20 442 21 445 Ἴ
190 385 607 445 armis-inventus,
643 387 755 430 cu'm
786 383 1015 432 obsistere
1035 382 1315 431 adversariis
1335 393 1608 445 conaretur,

0 749 16 831 ἓ
177 722 186 732 ,

0 835 10 903 ,⁵

0 939 6 973 ε

0 976 9 1077 ἐ

262 2677 300 2716 1.
330 2678 386 2715 La
404 2679 528 2728 mye.
549 2680 645 2729 Voy.
668 2687 696 2716 t.
719 2680 783 2725 11,
803 2692 843 2730 p.
867 2647 963 2728 215⁶,
984 2688 1076 2718 note
1094 2663 1148 2718 1.'

0 2764 10 2842 ἰ
261 2738 300 2775 2.
330 2739 427 2777 Tout
456 2752 501 2777 ce
525 2740 591 2791 qui
619 2740 708 2786 suit,
739 2740 890 2791 jusqu'a
919 2741 955 2778 la
984 2742 1034 2778 {in
1061 2742 1113 2781 du
1137 2742 1324 2794 chapitre,
1347 2755 1513 2793 manque
1534 2741 1629 2780 dans

10 2827 11 2830 η
208 2799 420 2839 Matthaeus.
