2060 3392
412 296 487 333 :382
995 297 1242 336 APOLOGIA
1257 328 1267 345 ‚

474 384 612 431 Aliud
640 387 783 433 etiam
805 386 855 432 in
884 385 1159 449 hujusmodi
1186 386 1512 434 criminalibus
1537 385 1683 435 habet
1711 387 1831 451 ejus-

407 462 519 511 dem
539 465 699 529 patriae
718 463 1038 523 consuetudo,
1051 452 1151 512 imo¹
1170 465 1325 513 verius
1345 465 1613 530 perniciosa
1633 482 1831 531 corrup-

409 540 501 588 tela
516 577 528 600 ,
556 558 655 588 non
683 541 842 589 minus
873 542 1093 606 iniquum
1119 559 1265 607 quam
1288 542 1588 608 praecedens,
1613 542 1832 591 videlicet

407 619 557 683 quod,
580 636 692 666 cum
711 619 1086 684 inquacumque
1109 618 1235 668 civili
1258 621 1533 684 quaestione,
1551 621 1695 668 etiam
1711 620 1831 669 duo·

406 713 515 743 rum
540 695 870 759 denariorum,
904 713 934 745 a
960 697 1175 762 quolibet
1206 699 1479 762 gravamine
1510 715 1596 763 per
1619 698 1831 762 judicem

406 774 537 822 illato
561 774 637 822 vel
664 775 867 822 minimo
898 775 1040 823 liceat
1076 777 1340 842 appellare,
1369 777 1619 842 impetrata
1643 787 1833 826 tantum

406 870 549 919 super
580 851 676 900 hoc
707 853 862 902 littera
897 854 1188 903 cancellariae
1217 856 1377 920 regiae,
1410 871 1557 919 quam
1583 873 1609 900 cc
1636 855 1832 904 dolean-

406 931 522 978 tiam
548 949 569 976 )
597 931 864 996 appellant,
892 941 939 978 et
966 948 1066 979 non
1095 932 1245 980 modo
1275 932 1446 994 semel,
1479 933 1563 980 sed
1592 932 1834 981 interdum

406 1007 640 1070 gradatim
656 1041 669 1065 ‚
722 1007 988 1055 secundum
1038 1008 1502 1058 subordinationem.
1527 1010 1744 1074 judicum
1785 1019 1835 1058 et

405 1086 664 1147 curiarum,
696 1085 840 1133 etiam
871 1086 1125 1150 quinquies
1156 1096 1239 1135 aut
1269 1088 1417 1135 sexies
1439 1104 1451 1134 τ
1477 1096 1637 1135 tamen
1668 1089 1719 1136 in
1740 1088 1834 1136 cri-

405 1163 570 1211 minali
589 1179 749 1225 causa,
779 1163 830 1210 in
858 1180 954 1228 qua
979 1164 1038 1212 de
1062 1164 1272 1212 hominis
1295 1165 1393 1213 vita
1414 1174 1462 1214 et
1488 1165 1636 1213 salute
1658 1166 1832 1230 agitur,

405 1257 496 1303 nec
528 1258 557 1289 a
586 1257 894 1306 quocumque
924 1243 1198 1307 gravamine
1231 1243 1361 1291 illato
1393 1252 1502 1291 ante
1532 1241 1833 1292 diffinitivam

404 1336 491 1385 per
519 1319 734 1384 judicem
769 1319 1063 1368 doleantiam
1096 1322 1358 1386 impetrari,
1397 1338 1486 1369 nec
1519 1337 1549 1370 a
1581 1321 1834 1373 diffinitiva

404 1397 638 1445 sententia
654 1397 883 1462 damnato
902 1398 1140 1463 appellare
1152 1399 1276 1446 licet.
1296 1399 1440 1456 Quod
1452 1415 1600 1463 quam
1613 1399 1834 1465 iniquum

405 1484 452 1521 et
487 1491 515 1522 a
544 1475 664 1538 juris
695 1476 965 1523 communis
998 1476 1216 1539 aequitate
1253 1476 1493 1524 diversum
1532 1478 1614 1540 sit,
1655 1488 1834 1527 norunt

405 1569 573 1600 omnes
594 1553 678 1617 qui
695 1553 769 1600 vel
793 1563 987 1601 tenuem
1013 1554 1223 1618 aliquam
1245 1555 1429 1603 habent
1448 1556 1568 1619 juris
1591 1557 1830 1622 peritiam.

405 1632 513 1683 Non
535 1630 666 1677 enim
683 1631 912 1678 damnato
933 1631 1103 1680 ultimo
1128 1632 1363 1696 supplicio
1386 1633 1723 1681 tantummodo
1746 1650 1832 1699 ap-

404 1706 580 1771 pellare
603 1707 887 1771 permissum
911 1717 1000 1768 est,
1031 1707 1116 1754 sed
1136 1708 1280 1755 etiam
1305 1707 1499 1756 cuilibet
1515 1725 1605 1773 pro
1623 1725 1707 1771 eo,
1732 1711 1836 1757 non‘

405 1784 561 1831 carnis
575 1793 623 1831 et
635 1785 879 1848 sanguinis
897 1793 1084 1832 tantum
1105 1785 1453 1833 necessitudine
1460 1786 1649 1850 juncto,
1666 1803 1835 1834 verum

405 1861 547 1908 etiam
572 1860 769 1908 cuilibet
792 1871 1036 1909 extraneo.
1062 1864 1190 1909 Inter
1213 1878 1383 1910 omnes
1412 1879 1587 1928 nempe
1613 1861 1836 1911 homi‘nes

406 1940 628 2003 cognatio
646 1950 693 1987 et
709 1941 980 1988 communis
996 1940 1215 2005 quaedam
1231 1940 1529 1988 necessitudo
1549 1951 1620 1989 est
1637 1951 1834 2007 propter

406 2029 584 2066 naturae
618 2020 931 2079 consortium,
969 2036 1026 2067 ex
1055 2036 1151 2083 qua
1172 2019 1424 2082 cujuslibet
1455 2020 1680 2068 interesse
1708 2021 1834 2085 leges

404 2097 660 2144 voluerunt
696 2097 948 2144 hominem
973 2097 1304 2144 innocentem
1343 2114 1445 2145 non
1490 2097 1740 2158 damnari,
1787 2109 1834 2147 et

404 2185 599 2241 propter
626 2175 722 2222 hoc
744 2175 806 2222 ad
830 2174 1172 2241 appellandum
1202 2192 1292 2240 pro
1320 2175 1567 2235 damnato,
1592 2176 1736 2223 etiam
1764 2177 1834 2224 in-

404 2253 522 2310 vito,
550 2269 942 2316 unumquemque
965 2252 1279 2299 decreverunt
1310 2253 1512 2300 admitti.
1543 2256 1674 2300 Unus
1703 2253 1832 2301 solus

407 2345 542 2376 casus
566 2339 789 2394 exceptus
811 2328 1015 2390 videtur,
1043 2328 1128 2376 ubi
1156 2345 1264 2377 reus
1285 2339 1456 2395 sponte
1482 2330 1661 2379 crimen
1685 2341 1756 2378 est
1780 2331 1830 2378 in

400 2406 507 2469 jure
542 2405 784 2453 confessus
819 2416 868 2453 et
898 2405 1106 2469 legitime
1143 2407 1390 2454 convictus
1429 2417 1572 2471 atque
1612 2408 1832 2472 legitimis

407 2483 697 2547 argumentis
719 2493 984 2548 superatus.

471 2563 628 2619 Quam
657 2561 934 2626 periculosae
957 2576 1072 2608 vero
1103 2562 1199 2607 sint
1231 2560 1503 2626 hujusmodi
1526 2564 1830 2612 consuetudi·

405 2655 490 2686 nes
523 2639 848 2703 unusquisque
882 2647 1042 2685 mente
1070 2648 1328 2686 retractans
1350 2640 1476 2705 apud
1504 2657 1553 2688 se
1583 2641 1718 2688 facile
1748 2657 1830 2688 co·
1874 2650 1876 2652 ’

406 2733 633 2778 gnoscere
663 2726 711 2765 et
741 2716 1011 2764 discernere
1038 2726 1207 2780 potest.
1242 2719 1361 2764 Nam
1391 2719 1429 2765 si
1463 2719 1551 2780 vir,
1577 2729 1830 2782 quantum-

407 2811 611 2859 cumque
638 2795 790 2858 justus
814 2804 861 2841 et
892 2795 1139 2854 innocens,
1169 2810 1339 2842 exosus
1361 2795 1500 2843 fuerit
1521 2796 1661 2843 alicui
1679 2796 1830 2862 judici
