2060 3392
633 337 781 385 unm
808 342 1010 385 szst.
1290 353 1302 362 *
1473 352 1523 390 35

22 460 25 463 ·
108 425 378 501 bellicoque
388 442 641 502 apparatu,
657 434 933 499 hujusmodi
945 439 1178 484 terrarum
1190 437 1368 503 oppida
1386 454 1526 487 occu-

109 518 250 577 pare,
268 512 378 576 quoe'
395 527 486 573 nec
503 511 729 578 praesidiis
756 511 962 558 militum
987 513 1194 598 munita,
1220 530 1309 562 nec
1330 530 1526 564 annona

110 587 178 636 ad
191 587 393 655 lungun
410 595 601 658 tempus
621 585 856 637 ullatenus
876 589 1090 654 provisa,
1115 607 1204 639 nec
1228 607 1312 657 spe
1332 607 1525 641 succur-

109 680 193 716 sus
213 671 375 733 atque
421 667 589 715 solatia
636 665 964 714 subventionis
1004 683 1033 715 a
1076 683 1322 733 quoquam
1363 687 1527 719 eonse-

109 731 536 811 quendi,suffi1lta
573 753 734 804 erant3
774 743 859 792 sed
901 744 966 808 (et
997 745 1130 809 quod
1167 748 1385 795 omnium
1425 764 1529 814 pes—

109 821 286 870 simum
340 831 484 887 atque
529 821 767 870 exitiabile
815 822 936 885 erat)
981 822 1031 869 in
1074 825 1334 890 semetipsis
1377 826 1528 874 divisa

108 898 366 948 inimicitiis
399 900 671 948 domesticis
694 910 838 964 atque
862 900 985 947 odiis
1011 900 1313 951 refertissima
1343 904 1530 951 exsiste·

108 968 251 1038 bant,
273 977 341 1026 ita
359 986 414 1024 ut
439 993 540 1025 uon
564 976 695 1025 aliud
715 977 766 1024 in
789 977 983 1040 singulis
1003 976 1151 1025 ferme
1174 979 1364 1044 oppidis
1382 995 1527 1044 quam

109 1049 260 1099 tnrh'ae
279 1051 571 1100 ettumultus
592 1061 642 1100 et
661 1052 947 1117 optimatum
967 1052 1300 1101 exstinctiones
1331 1070 1389 1102 ac
1417 1070 1529 1121 pro·

109 1129 391 1195 oefiptienes
413 1139 682 1194 agerentur.

536 1360 538 1362 ,
604 1317 947 1364 CAPITULUM
980 1318 1039 1363 X.

110 1438 311 1477 Affinis-uio
332 1450 398 1476 eur
424 1444 500 1475 non
523 1438 629 1474 fuerit
654 1438 756 1473 aliter
778 1438 845 1474 sibi
873 1437 1089 1474 arridentem
1107 1438 1288 1474 fortunam
1304 1450 1534 1487 prosecutus,

157 1506 241 1534 ante
263 1495 458 1537 adventum
470 1495 725 1539 maximiliani,
746 1494 851 1539 seda
863 1495 1011 1531 feliciter
1026 1509 1048 1532 a
1062 1508 1099 1532 se
1118 1496 1239 1544 coeptis
1253 1495 1438 1542 destiterit,
1456 1507 1536 1534 tan-

155 1552 354 1601 tummodo*
365 1552 579 1600 quibusdam
603 1552 902 1588 incursationibus
926 1561 960 1588 et
975 1566 1144 1601 agrorum
1161 1554 1456 1602 populationibus
1470 1568 1536 1604 per

156 1617 241 1647 flio·
257 1609 399 1646 interim
417 1610 529 1648 factis.

175 1722 326 1787 Atqui
336 1738 424 1770 cur
445 1721 687 1770 fortunam
703 1737 841 1770 suam
864 1723 1143 1785 secundam,
1160 1740 1265 1788 quae
1283 1725 1349 1773 ita
1368 1727 1535 1792 coeptis

109 1799 206 1848 suis
234 1802 453 1849 arriserat
481 1811 530 1848 et
562 1800 626 1848 ad
654 1810 821 1848 caetera
849 1801 1188 1865 consequenda
1217 1819 1306 1866 pro
1328 1813 1444 1850 voto
1477 1820 1535 1853 ac

109 1875 349 1925 desiderio
376 1894 481 1936 suo?
501 1878 630 1925 viam
667 1877 1069 1942 expeditissimam
1106 1887 1365 1927 ostentasse
1403 1880 1534 1929 vide·

109 1953 270 2015 batur,
294 1956 492 2004 minime
515 1971 595 2003 rex
631 1954 770 2003 fuerit
793 1965 1095 2020 prosecutus,
1121 1973 1222 2004 non
1244 1958 1388 2005 aliam
1419 1975 1533 2008 cau-

110 2047 213 2080 sam
230 2033 481 2097 imaginari
501 2050 584 2080 seu
599 2033 807 2096 cogitare
822 2049 1091 2097 possumus,
1108 2035 1199 2082 nisi
1220 2035 1354 2098 quod
1370 2035 1533 2085 divina

108 2109 261 2174 pietas
287 2119 337 2157 et
365 2109 617 2157 clementia
630 2146 643 2171 ‚
668 2109 760 2174 piis
795 2109 1067 2172 aliquorum
1100 2110 1385 2160 devotorum
1419 2112 1533 2162 fide-

107 2185 228 2235 lium
244 2187 419 2235 inflexa
438 2186 867 2253 supplicationibus
886 2198 934 2234 et
956 2188 1179 2254 precibus
1202 2191 1307 2254 (qui
1322 2227 1336 2252 ‚
1360 2193 1530 2256 procul

108 2262 278 2327 dubio,
302 2263 462 2331 plures
478 2258 590 2311 sunt
615 2263 666 2311 in
687 2264 822 2311 terris
844 2263 973 2328 illis),
998 2281 1135 2312 suam
1153 2265 1530 2330 indignationem

108 2339 173 2390 ab
204 2341 274 2389 eis
307 2350 424 2388 tune
453 2339 662 2401 avertit¹‚
691 2341 1138 2405 praeservaveritque
1170 2359 1231 2390 ne
1260 2342 1351 2390 sub
1380 2344 1531 2394 hostis

109 2418 183 2466 sui
213 2427 496 2484 potestatem
535 2417 829 2466 devenirent.
862 2417 962 2465 Sub
990 2435 1089 2483 quo
1127 2420 1439 2469 verisimiliter
1472 2440 1529 2471 ex

109 2496 192 2545 illo
215 2496 550 2544 florentissimo
565 2500 745 2543 ‘rerum
775 2505 900 2542 statu
931 2506 1072 2560 atque
1107 2496 1298 2562 opibus,
1331 2499 1379 2546 in
1410 2515 1529 2563 quas

108 2572 199 2621 sub
227 2572 543 2621 anterioribus
571 2571 867 2638 principibus
899 2573 996 2620 suis
1018 2585 1324 2622 excreverant
1347 2585 1395 2623 et
1418 2593 1529 2640 pro-

40 2682 46 2686 -
108 2651 230 2700 vecti
253 2660 413 2712 erant,
443 2651 492 2697 in
518 2666 715 2714 magnas
736 2650 946 2698 miserias
961 2689 973 2712 ‚
1002 2651 1164 2699 ruinas
1185 2662 1327 2716 atque
1352 2670 1527 2718 paupe-

108 2730 226 2777 riem
243 2738 501 2777 extremam
526 2720 846 2776 defluxissent.

164 2856 182 2892 i
191 2882 202 2892 .
232 2853 359 2891 Piutbt
377 2858 562 2890 averterit.
