<?xml version="1.0" encoding="UTF-8"?>
<!DOCTYPE html PUBLIC "-//W3C//DTD XHTML 1.0 Transitional//EN"
    "http://www.w3.org/TR/xhtml1/DTD/xhtml1-transitional.dtd">
<html xmlns="http://www.w3.org/1999/xhtml" xml:lang="en" lang="en">
 <head>
  <title>
</title>
<meta http-equiv="Content-Type" content="text/html;charset=utf-8" />
  <meta name='ocr-system' content='tesseract 3.04.00' />
  <meta name='ocr-capabilities' content='ocr_page ocr_carea ocr_par ocr_line ocrx_word'/>
</head>
<body>
  <div class='ocr_page' id='page_1' title='image "./histoiredesrgn03basiuoft_0216.png"; bbox 0 0 2060 3392; ppageno 0'>
   <div class='ocr_carea' id='block_1_1' title="bbox 492 349 1546 394">
    <p class='ocr_par' dir='ltr' id='par_1_1' title="bbox 492 349 1546 394">
     <span class='ocr_line' id='line_1_1' title="bbox 492 349 1546 394; baseline -0.005 -3"><span class='ocrx_word' id='word_1_1' title='bbox 492 353 569 391; x_wconf 79' lang='lat'><strong>166</strong></span> <span class='ocrx_word' id='word_1_2' title='bbox 856 349 1200 394; x_wconf 61' lang='lat' dir='ltr'>HISTORIARUM</span> <span class='ocrx_word' id='word_1_3' title='bbox 1226 349 1463 394; x_wconf 76' lang='lat' dir='ltr'><strong>Lunovlm</strong></span> <span class='ocrx_word' id='word_1_4' title='bbox 1490 349 1546 386; x_wconf 89' lang='lat' dir='ltr'><strong>XI</strong></span> 
     </span>
    </p>
   </div>
   <div class='ocr_carea' id='block_1_2' title="bbox 487 436 1913 1516">
    <p class='ocr_par' dir='ltr' id='par_1_2' title="bbox 487 436 1913 1516">
     <span class='ocr_line' id='line_1_2' title="bbox 491 436 1907 506; baseline 0.001 -20"><span class='ocrx_word' id='word_1_5' title='bbox 491 439 708 506; x_wconf 83' lang='lat' dir='ltr'><strong>quaedam</strong></span> <span class='ocrx_word' id='word_1_6' title='bbox 723 476 736 501; x_wconf 93' lang='lat'><strong>,</strong></span> <span class='ocrx_word' id='word_1_7' title='bbox 781 447 828 485; x_wconf 84' lang='lat' dir='ltr'><strong>et</strong></span> <span class='ocrx_word' id='word_1_8' title='bbox 870 436 1067 502; x_wconf 90' lang='lat' dir='ltr'><strong>quidem</strong></span> <span class='ocrx_word' id='word_1_9' title='bbox 1104 437 1164 485; x_wconf 84' lang='lat' dir='ltr'><strong>de</strong></span> <span class='ocrx_word' id='word_1_10' title='bbox 1203 437 1563 503; x_wconf 75' lang='lat' dir='ltr'>quamplurimis</span> <span class='ocrx_word' id='word_1_11' title='bbox 1590 453 1743 504; x_wconf 65' lang='lat' dir='ltr'><strong>pauca</strong></span> <span class='ocrx_word' id='word_1_12' title='bbox 1778 440 1907 497; x_wconf 73' lang='lat' dir='ltr'><strong>eolli-</strong></span> 
     </span>
     <span class='ocr_line' id='line_1_3' title="bbox 491 515 1908 583; baseline -0.001 -17"><span class='ocrx_word' id='word_1_13' title='bbox 491 528 668 583; x_wconf 86' lang='lat' dir='ltr'><strong>gentes,</strong></span> <span class='ocrx_word' id='word_1_14' title='bbox 695 516 755 564; x_wconf 91' lang='lat' dir='ltr'><strong>de</strong></span> <span class='ocrx_word' id='word_1_15' title='bbox 785 516 858 563; x_wconf 86' lang='lat' dir='ltr'><strong>his</strong></span> <span class='ocrx_word' id='word_1_16' title='bbox 893 515 1150 580; x_wconf 74' lang='lat' dir='ltr'><strong>praesertim</strong></span> <span class='ocrx_word' id='word_1_17' title='bbox 1174 531 1278 580; x_wconf 85' lang='lat' dir='ltr'><strong>quae</strong></span> <span class='ocrx_word' id='word_1_18' title='bbox 1299 516 1351 570; x_wconf 91' lang='lat' dir='ltr'><strong>in</strong></span> <span class='ocrx_word' id='word_1_19' title='bbox 1389 515 1656 573; x_wconf 71' lang='lat' dir='ltr'><strong>novissimis</strong></span> <span class='ocrx_word' id='word_1_20' title='bbox 1678 517 1783 573; x_wconf 65' lang='lat' dir='ltr'><strong>vim</strong></span> <span class='ocrx_word' id='word_1_21' title='bbox 1812 533 1908 573; x_wconf 67' lang='lat' dir='ltr'><strong>suae</strong></span> 
     </span>
     <span class='ocr_line' id='line_1_4' title="bbox 492 592 1908 661; baseline -0.001 -17"><span class='ocrx_word' id='word_1_22' title='bbox 492 594 788 661; x_wconf 70' lang='lat' dir='ltr'>temporibus</span> <span class='ocrx_word' id='word_1_23' title='bbox 806 594 917 657; x_wconf 86' lang='lat' dir='ltr'><strong>egit,</strong></span> <span class='ocrx_word' id='word_1_24' title='bbox 939 592 1067 646; x_wconf 78' lang='lat' dir='ltr'><strong>velut</strong></span> <span class='ocrx_word' id='word_1_25' title='bbox 1081 593 1322 659; x_wconf 85' lang='lat' dir='ltr'>epilogum</span> <span class='ocrx_word' id='word_1_26' title='bbox 1342 593 1600 659; x_wconf 81' lang='lat' dir='ltr'><strong>quemdam</strong></span> <span class='ocrx_word' id='word_1_27' title='bbox 1620 595 1908 657; x_wconf 63' lang='lat' dir='ltr'><strong>texuerimus</strong></span> 
     </span>
     <span class='ocr_line' id='line_1_5' title="bbox 489 660 1867 728; baseline -0.004 -4"><span class='ocrx_word' id='word_1_28' title='bbox 489 677 717 724; x_wconf 82' lang='lat' dir='ltr'><strong>virtutum</strong></span> <span class='ocrx_word' id='word_1_29' title='bbox 741 689 950 728; x_wconf 85' lang='lat' dir='ltr'><strong>suarum.</strong></span> <span class='ocrx_word' id='word_1_30' title='bbox 1861 660 1867 663; x_wconf 36' lang='lat'><strong>‘</strong></span> 
     </span>
     <span class='ocr_line' id='line_1_6' title="bbox 555 750 1908 816; baseline 0.001 -18"><span class='ocrx_word' id='word_1_31' title='bbox 555 754 625 798; x_wconf 90' lang='lat' dir='ltr'><strong>De</strong></span> <span class='ocrx_word' id='word_1_32' title='bbox 660 768 872 816; x_wconf 83' lang='lat' dir='ltr'><strong>personae</strong></span> <span class='ocrx_word' id='word_1_33' title='bbox 907 750 1108 815; x_wconf 76' lang='lat' dir='ltr'><strong>quidem.</strong></span> <span class='ocrx_word' id='word_1_34' title='bbox 1136 751 1283 815; x_wconf 87' lang='lat' dir='ltr'><strong>ipsius</strong></span> <span class='ocrx_word' id='word_1_35' title='bbox 1318 751 1550 814; x_wconf 72' lang='lat' dir='ltr'><strong>elegantia</strong></span> <span class='ocrx_word' id='word_1_36' title='bbox 1579 761 1628 805; x_wconf 83' lang='lat' dir='ltr'><strong>et</strong></span> <span class='ocrx_word' id='word_1_37' title='bbox 1663 761 1908 814; x_wconf 60' lang='lat' dir='ltr'><strong>venustam</strong></span> 
     </span>
     <span class='ocr_line' id='line_1_7' title="bbox 490 828 1908 896; baseline 0.001 -20"><span class='ocrx_word' id='word_1_38' title='bbox 490 846 589 876; x_wconf 89' lang='lat' dir='ltr'><strong>non</strong></span> <span class='ocrx_word' id='word_1_39' title='bbox 628 846 748 894; x_wconf 90' lang='lat' dir='ltr'><strong>opus</strong></span> <span class='ocrx_word' id='word_1_40' title='bbox 786 838 857 877; x_wconf 82' lang='lat' dir='ltr'><strong>est</strong></span> <span class='ocrx_word' id='word_1_41' title='bbox 885 828 1072 889; x_wconf 84' lang='lat' dir='ltr'><strong>dicere;</strong></span> <span class='ocrx_word' id='word_1_42' title='bbox 1112 828 1219 892; x_wconf 84' lang='lat' dir='ltr'><strong>qui,</strong></span> <span class='ocrx_word' id='word_1_43' title='bbox 1253 844 1366 876; x_wconf 86' lang='lat' dir='ltr'><strong>cum</strong></span> <span class='ocrx_word' id='word_1_44' title='bbox 1403 845 1542 878; x_wconf 77' lang='lat' dir='ltr'><strong>cruta</strong></span> <span class='ocrx_word' id='word_1_45' title='bbox 1562 839 1610 877; x_wconf 88' lang='lat' dir='ltr'><strong>et</strong></span> <span class='ocrx_word' id='word_1_46' title='bbox 1630 829 1769 885; x_wconf 74' lang='lat' dir='ltr'><strong>tibias</strong></span> <span class='ocrx_word' id='word_1_47' title='bbox 1801 846 1908 896; x_wconf 74' lang='lat' dir='ltr'><strong>per-</strong></span> 
     </span>
     <span class='ocr_line' id='line_1_8' title="bbox 489 906 1909 974; baseline 0.002 -18"><span class='ocrx_word' id='word_1_48' title='bbox 489 908 630 956; x_wconf 83' lang='lat' dir='ltr'><strong>exiles</strong></span> <span class='ocrx_word' id='word_1_49' title='bbox 683 907 883 964; x_wconf 84' lang='lat' dir='ltr'><strong>haheret</strong></span> <span class='ocrx_word' id='word_1_50' title='bbox 904 945 916 969; x_wconf 92' lang='lat'><strong>,</strong></span> <span class='ocrx_word' id='word_1_51' title='bbox 975 907 1092 964; x_wconf 84' lang='lat' dir='ltr'><strong>facie</strong></span> <span class='ocrx_word' id='word_1_52' title='bbox 1145 916 1304 962; x_wconf 85' lang='lat' dir='ltr'><strong>tamen</strong></span> <span class='ocrx_word' id='word_1_53' title='bbox 1347 906 1469 957; x_wconf 88' lang='lat' dir='ltr'>nihil</span> <span class='ocrx_word' id='word_1_54' title='bbox 1521 909 1790 974; x_wconf 77' lang='lat' dir='ltr'><strong>speciosum</strong></span> <span class='ocrx_word' id='word_1_55' title='bbox 1835 909 1909 962; x_wconf 66' lang='lat' dir='ltr'><strong>vel</strong></span> 
     </span>
     <span class='ocr_line' id='line_1_9' title="bbox 489 970 1909 1050; baseline -0.001 -14"><span class='ocrx_word' id='word_1_56' title='bbox 489 986 719 1040; x_wconf 80' lang='lat' dir='ltr'><strong>decorum</strong></span> <span class='ocrx_word' id='word_1_57' title='bbox 743 984 969 1036; x_wconf 83' lang='lat' dir='ltr'><strong>habebat.</strong></span> <span class='ocrx_word' id='word_1_58' title='bbox 1009 984 1159 1044; x_wconf 81' lang='lat' dir='ltr'><strong>Quin,</strong></span> <span class='ocrx_word' id='word_1_59' title='bbox 1189 985 1229 1032; x_wconf 90' lang='lat' dir='ltr'><strong>si</strong></span> <span class='ocrx_word' id='word_1_60' title='bbox 1260 985 1540 1040; x_wconf 81' lang='lat' dir='ltr'><strong>occurrisset</strong></span> <span class='ocrx_word' id='word_1_61' title='bbox 1566 970 1744 1038; x_wconf 59' lang='lat' dir='ltr'><strong>xobvius</strong></span> <span class='ocrx_word' id='word_1_62' title='bbox 1771 986 1909 1050; x_wconf 76' lang='lat' dir='ltr'><strong>iguo-</strong></span> 
     </span>
     <span class='ocr_line' id='line_1_10' title="bbox 488 1062 1908 1130; baseline 0 -19"><span class='ocrx_word' id='word_1_63' title='bbox 488 1065 610 1111; x_wconf 87' lang='lat' dir='ltr'><strong>ranti</strong></span> <span class='ocrx_word' id='word_1_64' title='bbox 647 1080 757 1115; x_wconf 87' lang='lat' dir='ltr'><strong>eum</strong></span> <span class='ocrx_word' id='word_1_65' title='bbox 770 1101 783 1126; x_wconf 91' lang='lat'><strong>,</strong></span> <span class='ocrx_word' id='word_1_66' title='bbox 816 1063 975 1130; x_wconf 85' lang='lat' dir='ltr'><strong>potius</strong></span> <span class='ocrx_word' id='word_1_67' title='bbox 1009 1079 1173 1127; x_wconf 81' lang='lat' dir='ltr'><strong>scurra</strong></span> <span class='ocrx_word' id='word_1_68' title='bbox 1205 1062 1280 1114; x_wconf 85' lang='lat' dir='ltr'><strong>vel</strong></span> <span class='ocrx_word' id='word_1_69' title='bbox 1309 1062 1529 1124; x_wconf 87' lang='lat' dir='ltr'><strong>bibulus,</strong></span> <span class='ocrx_word' id='word_1_70' title='bbox 1566 1063 1640 1112; x_wconf 69' lang='lat' dir='ltr'><strong>vel</strong></span> <span class='ocrx_word' id='word_1_71' title='bbox 1671 1064 1908 1130; x_wconf 74' lang='lat' dir='ltr'>quispiam</span> 
     </span>
     <span class='ocr_line' id='line_1_11' title="bbox 488 1140 1909 1205; baseline 0.002 -16"><span class='ocrx_word' id='word_1_72' title='bbox 488 1142 591 1189; x_wconf 90' lang='lat' dir='ltr'><strong>vilis</strong></span> <span class='ocrx_word' id='word_1_73' title='bbox 613 1140 925 1199; x_wconf 82' lang='lat' dir='ltr'><strong>conditionis,</strong></span> <span class='ocrx_word' id='word_1_74' title='bbox 963 1156 1110 1204; x_wconf 86' lang='lat' dir='ltr'><strong>quam</strong></span> <span class='ocrx_word' id='word_1_75' title='bbox 1142 1156 1225 1188; x_wconf 83' lang='lat' dir='ltr'><strong>rex</strong></span> <span class='ocrx_word' id='word_1_76' title='bbox 1245 1140 1320 1190; x_wconf 90' lang='lat' dir='ltr'><strong>vel</strong></span> <span class='ocrx_word' id='word_1_77' title='bbox 1351 1140 1502 1188; x_wconf 92' lang='lat' dir='ltr'><strong>homo</strong></span> <span class='ocrx_word' id='word_1_78' title='bbox 1517 1149 1520 1151; x_wconf 75' lang='grc'>’</span> <span class='ocrx_word' id='word_1_79' title='bbox 1536 1140 1735 1205; x_wconf 76' lang='lat' dir='ltr'><strong>alicujus</strong></span> <span class='ocrx_word' id='word_1_80' title='bbox 1755 1140 1909 1205; x_wconf 76' lang='lat' dir='ltr'><strong>digni-</strong></span> 
     </span>
     <span class='ocr_line' id='line_1_12' title="bbox 487 1212 1910 1283; baseline 0.001 -17"><span class='ocrx_word' id='word_1_81' title='bbox 487 1220 593 1267; x_wconf 83' lang='lat' dir='ltr'><strong>tatis</strong></span> <span class='ocrx_word' id='word_1_82' title='bbox 617 1212 835 1269; x_wconf 81' lang='lat' dir='ltr'><strong>aestimari</strong></span> <span class='ocrx_word' id='word_1_83' title='bbox 855 1219 1100 1283; x_wconf 78' lang='lat' dir='ltr'><strong>potuisset.</strong></span> <span class='ocrx_word' id='word_1_84' title='bbox 1133 1217 1280 1281; x_wconf 60' lang='lat' dir='ltr'><strong>⁴Unde</strong></span> <span class='ocrx_word' id='word_1_85' title='bbox 1298 1234 1328 1269; x_wconf 85' lang='lat' dir='ltr'><strong>a</strong></span> <span class='ocrx_word' id='word_1_86' title='bbox 1344 1217 1611 1280; x_wconf 78' lang='lat' dir='ltr'><strong>nonnullis,</strong></span> <span class='ocrx_word' id='word_1_87' title='bbox 1631 1218 1910 1283; x_wconf 82' lang='lat' dir='ltr'><strong>priusquam</strong></span> 
     </span>
     <span class='ocr_line' id='line_1_13' title="bbox 489 1296 1910 1366; baseline 0.001 -22"><span class='ocrx_word' id='word_1_88' title='bbox 489 1297 667 1359; x_wconf 85' lang='lat' dir='ltr'><strong>obiret,</strong></span> <span class='ocrx_word' id='word_1_89' title='bbox 688 1298 903 1363; x_wconf 81' lang='lat' dir='ltr'><strong>leprosus</strong></span> <span class='ocrx_word' id='word_1_90' title='bbox 923 1296 1065 1351; x_wconf 84' lang='lat' dir='ltr'><strong>fuisse</strong></span> <span class='ocrx_word' id='word_1_91' title='bbox 1085 1306 1289 1353; x_wconf 77' lang='lat' dir='ltr'><strong>assertus</strong></span> <span class='ocrx_word' id='word_1_92' title='bbox 1310 1306 1395 1344; x_wconf 89' lang='lat' dir='ltr'><strong>est.</strong></span> <span class='ocrx_word' id='word_1_93' title='bbox 1420 1297 1508 1353; x_wconf 86' lang='lat' dir='ltr'><strong>Cui</strong></span> <span class='ocrx_word' id='word_1_94' title='bbox 1526 1306 1574 1353; x_wconf 68' lang='lat' dir='ltr'><strong>et</strong></span> <span class='ocrx_word' id='word_1_95' title='bbox 1595 1297 1910 1366; x_wconf 73' lang='lat' dir='ltr'><strong>oonveniebat</strong></span> 
     </span>
     <span class='ocr_line' id='line_1_14' title="bbox 488 1375 1912 1441; baseline 0.001 -18"><span class='ocrx_word' id='word_1_96' title='bbox 488 1375 620 1440; x_wconf 88' lang='lat' dir='ltr'><strong>quod</strong></span> <span class='ocrx_word' id='word_1_97' title='bbox 655 1391 755 1423; x_wconf 92' lang='lat' dir='ltr'><strong>non</strong></span> <span class='ocrx_word' id='word_1_98' title='bbox 781 1392 1018 1441; x_wconf 88' lang='lat' dir='ltr'>purpura,</span> <span class='ocrx_word' id='word_1_99' title='bbox 1044 1384 1097 1426; x_wconf 85' lang='lat' dir='ltr'><strong>ut</strong></span> <span class='ocrx_word' id='word_1_100' title='bbox 1131 1392 1236 1436; x_wconf 81' lang='lat' dir='ltr'><strong>rex,</strong></span> <span class='ocrx_word' id='word_1_101' title='bbox 1275 1375 1352 1424; x_wconf 82' lang='lat' dir='ltr'><strong>vel</strong></span> <span class='ocrx_word' id='word_1_102' title='bbox 1373 1386 1501 1430; x_wconf 80' lang='lat' dir='ltr'><strong>veste</strong></span> <span class='ocrx_word' id='word_1_103' title='bbox 1523 1375 1684 1440; x_wconf 77' lang='lat' dir='ltr'><strong>aliqua</strong></span> <span class='ocrx_word' id='word_1_104' title='bbox 1704 1376 1912 1441; x_wconf 82' lang='lat' dir='ltr'><strong>pretiosa</strong></span> 
     </span>
     <span class='ocr_line' id='line_1_15' title="bbox 487 1451 1913 1516; baseline 0 -16"><span class='ocrx_word' id='word_1_105' title='bbox 487 1463 534 1500; x_wconf 87' lang='lat' dir='ltr'><strong>et</strong></span> <span class='ocrx_word' id='word_1_106' title='bbox 562 1452 722 1512; x_wconf 85' lang='lat' dir='ltr'><strong>talari,</strong></span> <span class='ocrx_word' id='word_1_107' title='bbox 752 1463 806 1499; x_wconf 90' lang='lat' dir='ltr'><strong>ut</strong></span> <span class='ocrx_word' id='word_1_108' title='bbox 829 1461 1072 1516; x_wconf 83' lang='lat' dir='ltr'><strong>magnates</strong></span> <span class='ocrx_word' id='word_1_109' title='bbox 1106 1452 1244 1501; x_wconf 88' lang='lat' dir='ltr'><strong>decet</strong></span> <span class='ocrx_word' id='word_1_110' title='bbox 1259 1489 1272 1514; x_wconf 92' lang='lat'>‚</span> <span class='ocrx_word' id='word_1_111' title='bbox 1310 1452 1395 1502; x_wconf 91' lang='lat' dir='ltr'><strong>sed</strong></span> <span class='ocrx_word' id='word_1_112' title='bbox 1424 1452 1506 1509; x_wconf 79' lang='lat' dir='ltr'><strong>vili</strong></span> <span class='ocrx_word' id='word_1_113' title='bbox 1540 1451 1832 1516; x_wconf 56' lang='lat' dir='ltr'><strong>fsequentius</strong></span> <span class='ocrx_word' id='word_1_114' title='bbox 1864 1462 1913 1500; x_wconf 87' lang='lat' dir='ltr'><strong>et</strong></span> 
     </span>
    </p>
   </div>
   <div class='ocr_carea' id='block_1_3' title="bbox 411 1529 1907 1596">
    <p class='ocr_par' dir='ltr' id='par_1_3' title="bbox 411 1529 1907 1596">
     <span class='ocr_line' id='line_1_16' title="bbox 411 1529 1907 1596; baseline 0.002 -20"><span class='ocrx_word' id='word_1_115' title='bbox 411 1581 418 1593; x_wconf 38' lang='lat' dir='ltr'><em>l</em></span> <span class='ocrx_word' id='word_1_116' title='bbox 486 1529 728 1583; x_wconf 84' lang='lat' dir='ltr'><strong>interdum</strong></span> <span class='ocrx_word' id='word_1_117' title='bbox 746 1529 808 1577; x_wconf 91' lang='lat' dir='ltr'><strong>ad</strong></span> <span class='ocrx_word' id='word_1_118' title='bbox 826 1540 959 1578; x_wconf 87' lang='lat' dir='ltr'><strong>nates</strong></span> <span class='ocrx_word' id='word_1_119' title='bbox 973 1546 1123 1594; x_wconf 87' lang='lat' dir='ltr'><strong>usque</strong></span> <span class='ocrx_word' id='word_1_120' title='bbox 1135 1530 1381 1583; x_wconf 80' lang='lat' dir='ltr'><strong>dumtaxat</strong></span> <span class='ocrx_word' id='word_1_121' title='bbox 1393 1529 1698 1596; x_wconf 60' lang='lat' dir='ltr'><strong>operiebant}=</strong></span> <span class='ocrx_word' id='word_1_122' title='bbox 1713 1530 1907 1584; x_wconf 71' lang='lat' dir='ltr'><strong>amictu.</strong></span> 
     </span>
    </p>
   </div>
   <div class='ocr_carea' id='block_1_4' title="bbox 486 1599 1914 2762">
    <p class='ocr_par' dir='ltr' id='par_1_4' title="bbox 486 1599 1911 1751">
     <span class='ocr_line' id='line_1_17' title="bbox 488 1599 1911 1675; baseline 0.002 -21"><span class='ocrx_word' id='word_1_123' title='bbox 488 1607 627 1656; x_wconf 87' lang='lat' dir='ltr'><strong>Unde</strong></span> <span class='ocrx_word' id='word_1_124' title='bbox 645 1625 815 1671; x_wconf 87' lang='lat' dir='ltr'><strong>unum,</strong></span> <span class='ocrx_word' id='word_1_125' title='bbox 843 1607 976 1674; x_wconf 84' lang='lat' dir='ltr'><strong>quod</strong></span> <span class='ocrx_word' id='word_1_126' title='bbox 995 1615 1251 1675; x_wconf 80' lang='lat' dir='ltr'><strong>‘propterea</strong></span> <span class='ocrx_word' id='word_1_127' title='bbox 1267 1608 1317 1664; x_wconf 81' lang='lat' dir='ltr'><strong>in</strong></span> <span class='ocrx_word' id='word_1_128' title='bbox 1337 1599 1448 1655; x_wconf 84' lang='lat' dir='ltr'><strong>eum</strong></span> <span class='ocrx_word' id='word_1_129' title='bbox 1469 1607 1668 1658; x_wconf 88' lang='lat' dir='ltr'><strong>ridicule</strong></span> <span class='ocrx_word' id='word_1_130' title='bbox 1682 1607 1911 1672; x_wconf 77' lang='lat' dir='ltr'><strong>jactatum</strong></span> 
     </span>
     <span class='ocr_line' id='line_1_18' title="bbox 486 1685 1624 1751; baseline 0 -19"><span class='ocrx_word' id='word_1_131' title='bbox 486 1695 578 1744; x_wconf 87' lang='lat' dir='ltr'><strong>est,</strong></span> <span class='ocrx_word' id='word_1_132' title='bbox 618 1686 830 1736; x_wconf 86' lang='lat' dir='ltr'><strong>retulisse</strong></span> <span class='ocrx_word' id='word_1_133' title='bbox 861 1686 1003 1750; x_wconf 84' lang='lat' dir='ltr'><strong>hujus</strong></span> <span class='ocrx_word' id='word_1_134' title='bbox 1037 1685 1105 1740; x_wconf 66' lang='lat' dir='ltr'><strong>rei</strong></span> <span class='ocrx_word' id='word_1_135' title='bbox 1134 1686 1282 1749; x_wconf 76' lang='lat' dir='ltr'><strong>gratia</strong></span> <span class='ocrx_word' id='word_1_136' title='bbox 1305 1701 1406 1733; x_wconf 89' lang='lat' dir='ltr'><strong>non</strong></span> <span class='ocrx_word' id='word_1_137' title='bbox 1427 1685 1624 1751; x_wconf 86' lang='lat' dir='ltr'><strong>pigebit.</strong></span> 
     </span>
    </p>

    <p class='ocr_par' dir='ltr' id='par_1_5' title="bbox 487 1761 1914 2762">
     <span class='ocr_line' id='line_1_19' title="bbox 555 1761 1912 1829; baseline 0.001 -18"><span class='ocrx_word' id='word_1_138' title='bbox 555 1766 675 1811; x_wconf 89' lang='lat' dir='ltr'><strong>Cum</strong></span> <span class='ocrx_word' id='word_1_139' title='bbox 702 1764 833 1812; x_wconf 91' lang='lat' dir='ltr'><strong>enim</strong></span> <span class='ocrx_word' id='word_1_140' title='bbox 863 1764 1019 1829; x_wconf 82' lang='lat' dir='ltr'><strong>prima</strong></span> <span class='ocrx_word' id='word_1_141' title='bbox 1045 1763 1144 1817; x_wconf 81' lang='lat' dir='ltr'><strong>vioe</strong></span> <span class='ocrx_word' id='word_1_142' title='bbox 1167 1779 1262 1827; x_wconf 86' lang='lat' dir='ltr'><strong>qua</strong></span> <span class='ocrx_word' id='word_1_143' title='bbox 1285 1762 1570 1828; x_wconf 84' lang='lat' dir='ltr'><strong>oppidulum</strong></span> <span class='ocrx_word' id='word_1_144' title='bbox 1598 1761 1912 1818; x_wconf 76' lang='lat' dir='ltr'><strong>Abbatisvillae</strong></span> 
     </span>
     <span class='ocr_line' id='line_1_20' title="bbox 487 1841 1913 1908; baseline 0 -18"><span class='ocrx_word' id='word_1_145' title='bbox 487 1851 597 1908; x_wconf 86' lang='lat' dir='ltr'><strong>post</strong></span> <span class='ocrx_word' id='word_1_146' title='bbox 615 1851 867 1906; x_wconf 82' lang='lat' dir='ltr'><strong>acceptum</strong></span> <span class='ocrx_word' id='word_1_147' title='bbox 887 1857 1089 1904; x_wconf 87' lang='lat' dir='ltr'><strong>regnum</strong></span> <span class='ocrx_word' id='word_1_148' title='bbox 1110 1841 1383 1903; x_wconf 80' lang='lat' dir='ltr'><strong>ingressus¹,</strong></span> <span class='ocrx_word' id='word_1_149' title='bbox 1397 1856 1573 1904; x_wconf 84' lang='lat' dir='ltr'><strong>magna</strong></span> <span class='ocrx_word' id='word_1_150' title='bbox 1590 1856 1703 1889; x_wconf 89' lang='lat' dir='ltr'><strong>cum</strong></span> <span class='ocrx_word' id='word_1_151' title='bbox 1720 1856 1913 1906; x_wconf 56' lang='lat' dir='ltr'><strong>exspec—</strong></span> 
     </span>
     <span class='ocr_line' id='line_1_21' title="bbox 490 1917 1911 1984; baseline -0.001 -15"><span class='ocrx_word' id='word_1_152' title='bbox 490 1921 669 1969; x_wconf 84' lang='lat' dir='ltr'><strong>tatione</strong></span> <span class='ocrx_word' id='word_1_153' title='bbox 687 1929 735 1968; x_wconf 89' lang='lat' dir='ltr'><strong>et</strong></span> <span class='ocrx_word' id='word_1_154' title='bbox 750 1919 987 1968; x_wconf 87' lang='lat' dir='ltr'><strong>desiderio</strong></span> <span class='ocrx_word' id='word_1_155' title='bbox 1008 1917 1204 1971; x_wconf 79' lang='lat' dir='ltr'><strong>videndi</strong></span> <span class='ocrx_word' id='word_1_156' title='bbox 1223 1934 1405 1970; x_wconf 82' lang='lat' dir='ltr'><strong>novum</strong></span> <span class='ocrx_word' id='word_1_157' title='bbox 1426 1935 1604 1983; x_wconf 85' lang='lat' dir='ltr'><strong>regem,</strong></span> <span class='ocrx_word' id='word_1_158' title='bbox 1623 1934 1674 1966; x_wconf 84' lang='lat' dir='ltr'><strong>se</strong></span> <span class='ocrx_word' id='word_1_159' title='bbox 1699 1928 1800 1970; x_wconf 71' lang='lat' dir='ltr'><strong>tam</strong></span> <span class='ocrx_word' id='word_1_160' title='bbox 1823 1935 1911 1984; x_wconf 57' lang='lat' dir='ltr'><strong>ope</strong></span> 
     </span>
     <span class='ocr_line' id='line_1_22' title="bbox 490 1997 1914 2064; baseline 0.001 -18"><span class='ocrx_word' id='word_1_161' title='bbox 490 1999 616 2064; x_wconf 90' lang='lat' dir='ltr'><strong>pidi,</strong></span> <span class='ocrx_word' id='word_1_162' title='bbox 652 2013 799 2062; x_wconf 84' lang='lat' dir='ltr'><strong>quam</strong></span> <span class='ocrx_word' id='word_1_163' title='bbox 837 1997 1226 2055; x_wconf 81' lang='lat' dir='ltr'><strong>suburbanorum</strong></span> <span class='ocrx_word' id='word_1_164' title='bbox 1259 1997 1384 2047; x_wconf 85' lang='lat' dir='ltr'><strong>cives</strong></span> <span class='ocrx_word' id='word_1_165' title='bbox 1420 1997 1469 2047; x_wconf 88' lang='lat' dir='ltr'><strong>in</strong></span> <span class='ocrx_word' id='word_1_166' title='bbox 1502 1997 1632 2048; x_wconf 86' lang='lat' dir='ltr'><strong>vicos</strong></span> <span class='ocrx_word' id='word_1_167' title='bbox 1665 2006 1712 2049; x_wconf 76' lang='lat' dir='ltr'><strong>et</strong></span> <span class='ocrx_word' id='word_1_168' title='bbox 1735 1997 1914 2063; x_wconf 74' lang='lat' dir='ltr'><strong>plateas</strong></span> 
     </span>
     <span class='ocr_line' id='line_1_23' title="bbox 492 2074 1914 2140; baseline 0.001 -18"><span class='ocrx_word' id='word_1_169' title='bbox 492 2075 766 2123; x_wconf 79' lang='lat' dir='ltr'><strong>effudissent</strong></span> <span class='ocrx_word' id='word_1_170' title='bbox 777 2113 789 2137; x_wconf 91' lang='lat'><strong>,</strong></span> <span class='ocrx_word' id='word_1_171' title='bbox 805 2086 851 2122; x_wconf 90' lang='lat' dir='ltr'><strong>et</strong></span> <span class='ocrx_word' id='word_1_172' title='bbox 869 2076 1028 2140; x_wconf 89' lang='lat' dir='ltr'><strong>plures</strong></span> <span class='ocrx_word' id='word_1_173' title='bbox 1045 2075 1190 2122; x_wconf 91' lang='lat' dir='ltr'><strong>horas</strong></span> <span class='ocrx_word' id='word_1_174' title='bbox 1204 2074 1322 2136; x_wconf 91' lang='lat' dir='ltr'><strong>diei,</strong></span> <span class='ocrx_word' id='word_1_175' title='bbox 1340 2091 1396 2122; x_wconf 91' lang='lat' dir='ltr'><strong>ea</strong></span> <span class='ocrx_word' id='word_1_176' title='bbox 1408 2075 1757 2140; x_wconf 79' lang='lat' dir='ltr'><strong>exspectatione</strong></span> <span class='ocrx_word' id='word_1_177' title='bbox 1776 2083 1823 2128; x_wconf 82' lang='lat' dir='ltr'><strong>et</strong></span> <span class='ocrx_word' id='word_1_178' title='bbox 1834 2074 1914 2125; x_wconf 81' lang='lat' dir='ltr'><strong>de-</strong></span> 
     </span>
     <span class='ocr_line' id='line_1_24' title="bbox 491 2150 1914 2218; baseline -0.001 -18"><span class='ocrx_word' id='word_1_179' title='bbox 491 2153 663 2201; x_wconf 83' lang='lat' dir='ltr'><strong>siderio</strong></span> <span class='ocrx_word' id='word_1_180' title='bbox 698 2154 938 2218; x_wconf 82' lang='lat' dir='ltr'><strong>suspensi,</strong></span> <span class='ocrx_word' id='word_1_181' title='bbox 979 2154 1029 2199; x_wconf 90' lang='lat' dir='ltr'><strong>in</strong></span> <span class='ocrx_word' id='word_1_182' title='bbox 1066 2153 1246 2199; x_wconf 89' lang='lat' dir='ltr'><strong>eisdem</strong></span> <span class='ocrx_word' id='word_1_183' title='bbox 1275 2153 1390 2199; x_wconf 85' lang='lat' dir='ltr'><strong>vicis</strong></span> <span class='ocrx_word' id='word_1_184' title='bbox 1427 2162 1474 2199; x_wconf 89' lang='lat' dir='ltr'><strong>et</strong></span> <span class='ocrx_word' id='word_1_185' title='bbox 1510 2152 1676 2217; x_wconf 86' lang='lat' dir='ltr'><strong>plateis</strong></span> <span class='ocrx_word' id='word_1_186' title='bbox 1710 2150 1914 2216; x_wconf 90' lang='lat' dir='ltr'><strong>publicis</strong></span> 
     </span>
     <span class='ocr_line' id='line_1_25' title="bbox 488 2228 1912 2296; baseline -0.001 -18"><span class='ocrx_word' id='word_1_187' title='bbox 488 2231 879 2296; x_wconf 80' lang='lat' dir='ltr'><strong>permansissent,</strong></span> <span class='ocrx_word' id='word_1_188' title='bbox 915 2231 1088 2286; x_wconf 71' lang='lat' dir='ltr'><strong>accidit</strong></span> <span class='ocrx_word' id='word_1_189' title='bbox 1121 2240 1199 2289; x_wconf 81' lang='lat' dir='ltr'><strong>ut,</strong></span> <span class='ocrx_word' id='word_1_190' title='bbox 1239 2246 1298 2285; x_wconf 81' lang='lat' dir='ltr'><strong>eo</strong></span> <span class='ocrx_word' id='word_1_191' title='bbox 1335 2239 1606 2285; x_wconf 78' lang='lat' dir='ltr'><strong>transeunte</strong></span> <span class='ocrx_word' id='word_1_192' title='bbox 1630 2245 1716 2295; x_wconf 82' lang='lat' dir='ltr'><strong>per</strong></span> <span class='ocrx_word' id='word_1_193' title='bbox 1738 2228 1912 2276; x_wconf 89' lang='lat' dir='ltr'><strong>subur-</strong></span> 
     </span>
     <span class='ocr_line' id='line_1_26' title="bbox 493 2307 1912 2375; baseline -0.002 -19"><span class='ocrx_word' id='word_1_194' title='bbox 493 2309 676 2356; x_wconf 87' lang='lat' dir='ltr'><strong>banum</strong></span> <span class='ocrx_word' id='word_1_195' title='bbox 699 2309 889 2375; x_wconf 83' lang='lat' dir='ltr'><strong>oppidi,</strong></span> <span class='ocrx_word' id='word_1_196' title='bbox 919 2308 1116 2372; x_wconf 85' lang='lat' dir='ltr'><strong>quidam</strong></span> <span class='ocrx_word' id='word_1_197' title='bbox 1141 2325 1253 2355; x_wconf 90' lang='lat' dir='ltr'><strong>eum</strong></span> <span class='ocrx_word' id='word_1_198' title='bbox 1276 2308 1586 2371; x_wconf 85' lang='lat' dir='ltr'><strong>interrogaret</strong></span> <span class='ocrx_word' id='word_1_199' title='bbox 1607 2307 1804 2370; x_wconf 86' lang='lat' dir='ltr'><strong>quando</strong></span> <span class='ocrx_word' id='word_1_200' title='bbox 1831 2324 1912 2354; x_wconf 88' lang='lat' dir='ltr'><strong>rex</strong></span> 
     </span>
     <span class='ocr_line' id='line_1_27' title="bbox 491 2385 1914 2451; baseline 0 -18"><span class='ocrx_word' id='word_1_201' title='bbox 491 2388 652 2434; x_wconf 86' lang='lat' dir='ltr'><strong>venire</strong></span> <span class='ocrx_word' id='word_1_202' title='bbox 675 2386 895 2446; x_wconf 72' lang='lat' dir='ltr'><strong>deberet,</strong></span> <span class='ocrx_word' id='word_1_203' title='bbox 931 2386 1062 2433; x_wconf 89' lang='lat' dir='ltr'><strong>nulla</strong></span> <span class='ocrx_word' id='word_1_204' title='bbox 1092 2386 1244 2446; x_wconf 89' lang='lat' dir='ltr'><strong>enim,</strong></span> <span class='ocrx_word' id='word_1_205' title='bbox 1287 2402 1442 2449; x_wconf 84' lang='lat' dir='ltr'><strong>neque</strong></span> <span class='ocrx_word' id='word_1_206' title='bbox 1474 2385 1613 2444; x_wconf 84' lang='lat' dir='ltr'><strong>facie,</strong></span> <span class='ocrx_word' id='word_1_207' title='bbox 1657 2401 1812 2449; x_wconf 90' lang='lat' dir='ltr'><strong>neque</strong></span> <span class='ocrx_word' id='word_1_208' title='bbox 1834 2401 1914 2451; x_wconf 90' lang='lat' dir='ltr'><strong>ap-</strong></span> 
     </span>
     <span class='ocr_line' id='line_1_28' title="bbox 490 2462 1914 2530; baseline -0.001 -19"><span class='ocrx_word' id='word_1_209' title='bbox 490 2475 685 2530; x_wconf 84' lang='lat' dir='ltr'><strong>paratu,</strong></span> <span class='ocrx_word' id='word_1_210' title='bbox 732 2480 887 2528; x_wconf 85' lang='lat' dir='ltr'><strong>neque</strong></span> <span class='ocrx_word' id='word_1_211' title='bbox 926 2463 1127 2512; x_wconf 67' lang='lat' dir='ltr'><strong>vestium</strong></span> <span class='ocrx_word' id='word_1_212' title='bbox 1162 2472 1333 2510; x_wconf 90' lang='lat' dir='ltr'><strong>ornatu</strong></span> <span class='ocrx_word' id='word_1_213' title='bbox 1378 2462 1451 2510; x_wconf 82' lang='lat' dir='ltr'><strong>vel</strong></span> <span class='ocrx_word' id='word_1_214' title='bbox 1491 2462 1770 2527; x_wconf 88' lang='lat' dir='ltr'><strong>splendore,</strong></span> <span class='ocrx_word' id='word_1_215' title='bbox 1793 2463 1914 2528; x_wconf 88' lang='lat' dir='ltr'><strong>plus</strong></span> 
     </span>
     <span class='ocr_line' id='line_1_29' title="bbox 491 2540 1914 2607; baseline -0.001 -17"><span class='ocrx_word' id='word_1_216' title='bbox 491 2559 636 2607; x_wconf 88' lang='lat' dir='ltr'><strong>quam</strong></span> <span class='ocrx_word' id='word_1_217' title='bbox 675 2543 886 2590; x_wconf 61' lang='lat' dir='ltr'><strong>famulus,</strong></span> <span class='ocrx_word' id='word_1_218' title='bbox 910 2541 1079 2604; x_wconf 90' lang='lat' dir='ltr'><strong>aliquis</strong></span> <span class='ocrx_word' id='word_1_219' title='bbox 1120 2550 1167 2587; x_wconf 88' lang='lat' dir='ltr'><strong>et</strong></span> <span class='ocrx_word' id='word_1_220' title='bbox 1204 2541 1440 2605; x_wconf 89' lang='lat' dir='ltr'><strong>quispiam</strong></span> <span class='ocrx_word' id='word_1_221' title='bbox 1474 2540 1579 2589; x_wconf 79' lang='lat' dir='ltr'><strong>vilis</strong></span> <span class='ocrx_word' id='word_1_222' title='bbox 1625 2540 1914 2595; x_wconf 80' lang='lat' dir='ltr'><strong>conditionis</strong></span> 
     </span>
     <span class='ocr_line' id='line_1_30' title="bbox 489 2617 1912 2684; baseline -0.001 -18"><span class='ocrx_word' id='word_1_223' title='bbox 489 2619 727 2682; x_wconf 78' lang='lat' dir='ltr'><strong>dignitatis</strong></span> <span class='ocrx_word' id='word_1_224' title='bbox 767 2619 943 2666; x_wconf 86' lang='lat' dir='ltr'><strong>indicia</strong></span> <span class='ocrx_word' id='word_1_225' title='bbox 983 2617 1263 2665; x_wconf 67' lang='lat' dir='ltr'><strong>ostentabat¹</strong></span> <span class='ocrx_word' id='word_1_226' title='bbox 1315 2618 1400 2663; x_wconf 90' lang='lat' dir='ltr'><strong>Cui</strong></span> <span class='ocrx_word' id='word_1_227' title='bbox 1431 2634 1541 2664; x_wconf 86' lang='lat' dir='ltr'><strong>cum</strong></span> <span class='ocrx_word' id='word_1_228' title='bbox 1578 2634 1656 2664; x_wconf 77' lang='lat' dir='ltr'><strong>rex</strong></span> <span class='ocrx_word' id='word_1_229' title='bbox 1695 2619 1795 2684; x_wconf 92' lang='lat' dir='ltr'><strong>ipse</strong></span> <span class='ocrx_word' id='word_1_230' title='bbox 1839 2635 1912 2665; x_wconf 89' lang='lat' dir='ltr'><strong>re-</strong></span> 
     </span>
     <span class='ocr_line' id='line_1_31' title="bbox 489 2695 1912 2762; baseline -0.001 -19"><span class='ocrx_word' id='word_1_231' title='bbox 489 2697 744 2761; x_wconf 77' lang='lat' dir='ltr'><strong>sponderet</strong></span> <span class='ocrx_word' id='word_1_232' title='bbox 778 2697 910 2761; x_wconf 87' lang='lat' dir='ltr'><strong>quod</strong></span> <span class='ocrx_word' id='word_1_233' title='bbox 939 2697 1137 2762; x_wconf 89' lang='lat' dir='ltr'><strong>ipsemet</strong></span> <span class='ocrx_word' id='word_1_234' title='bbox 1179 2711 1258 2742; x_wconf 79' lang='lat' dir='ltr'><strong>rex</strong></span> <span class='ocrx_word' id='word_1_235' title='bbox 1291 2706 1431 2756; x_wconf 87' lang='lat' dir='ltr'><strong>esset,</strong></span> <span class='ocrx_word' id='word_1_236' title='bbox 1471 2696 1628 2753; x_wconf 85' lang='lat' dir='ltr'><strong>statim</strong></span> <span class='ocrx_word' id='word_1_237' title='bbox 1671 2695 1799 2756; x_wconf 86' lang='lat' dir='ltr'><strong>idem</strong></span> <span class='ocrx_word' id='word_1_238' title='bbox 1830 2696 1912 2762; x_wconf 93' lang='lat' dir='ltr'><strong>qui</strong></span> 
     </span>
    </p>
   </div>
   <div class='ocr_carea' id='block_1_5' title="bbox 547 2854 815 2893">
    <p class='ocr_par' dir='ltr' id='par_1_6' title="bbox 547 2854 815 2893">
     <span class='ocr_line' id='line_1_32' title="bbox 547 2854 815 2893; baseline 0.007 -3"><span class='ocrx_word' id='word_1_239' title='bbox 547 2856 584 2890; x_wconf 80' lang='grc'><strong>’1.</strong></span> <span class='ocrx_word' id='word_1_240' title='bbox 616 2854 815 2893; x_wconf 70' lang='lat' dir='ltr'>En1463.</span> 
     </span>
    </p>
   </div>
  </div>
 </body>
</html>
