2060 3392
494 250 560 324 ⁸36
870 281 1213 320 HISTORIARUM
1241 282 1476 319 LUDOVICI
1504 280 1561 318 xt

567 368 838 432 Habuerat,
869 379 975 435 post
993 369 1401 434 'expugnationem
1427 368 1594 434 oppidi
1617 368 1678 416 de
1702 370 1920 431 Avennis,

509 451 718 517 plurium
740 448 975 496 mensium
997 447 1142 494 aestivi
1161 447 1389 512 temporis
1407 447 1612 512 spatium
1628 483 1642 509 ‚
1666 446 1943 512 antequam*

508 529 876 588 Maximilianus,
905 525 1029 573 filius
1051 526 1351 591 imperatoris
1365 563 1378 586 ,
1403 525 1701 587 adventaret,
1728 524 1920 591 quibus,

509 607 641 654 nullo
653 621 786 672 paene
810 603 1002 668 negotio
1025 613 1166 668 atque
1185 603 1415 669 periculo,
1441 612 1596 650 totum
1611 602 1792 651 bellum
1811 619 1924 651 con-

507 684 646 732 ficere
668 693 716 731 et
744 682 906 730 omnia
935 681 1125 728 illarum
1154 691 1387 729 terrarum
1408 681 1724 744 insignissima
1744 680 1924 746 oppida

506 761 595 808 sibi
612 760 828 823 subigere
849 759 1101 825 potuisset,
1121 775 1232 805 cum
1255 757 1458 822 ubique,
1484 759 1554 805 uti
1574 757 1796 820 diximus,
1822 774 1935 806 non-

506 830 768 888 defensioni
789 839 952 904 patriae
966 876 978 899 ,
1014 854 1114 884 non
1145 836 1364 901 cogendo
1397 837 1621 884 exercitui
1644 836 1718 884 vel
1746 851 1922 902 paran-

505 917 578 964 dis
607 917 670 964 ad
701 914 1014 964 resistendum
1048 914 1417 962 necessariarum
1451 930 1610 960 rerum
1641 913 1921 960 munitioni-

504 994 610 1055 bus,
636 993 720 1041 sed
745 993 857 1041 solis
883 993 1006 1039 inter
1026 1008 1075 1039 se
1098 991 1401 1039 tumultuosis
1431 989 1744 1038 seditionibus
1774 990 1924 1038 inten-

506 1071 711 1118 deretur.
740 1069 833 1116 Sed
859 1069 1018 1116 nescio
1036 1084 1132 1133 qua
1156 1084 1298 1116 causa
1316 1084 1470 1133 quave
1491 1068 1700 1130 ratione,
1722 1067 1813 1115 nisi
1827 1066 1924 1114 hoc

503 1148 603 1195 sola
623 1147 710 1194 Dei
733 1146 984 1194 clementia
1005 1154 1148 1208 atque
1167 1144 1471 1191 miseratione
1489 1143 1788 1209 providente,
1805 1153 1925 1191 tem·

502 1221 632 1286 poris
653 1220 743 1267 sibi
761 1220 967 1267 maxime
990 1217 1250 1284 opportuni
1262 1217 1515 1266 decursum
1539 1219 1698 1266 sinens
1719 1218 1821 1283 ipse
1843 1233 1924 1265 rex

503 1294 739 1360 praeterire
755 1331 766 1353 ‚
787 1293 1035 1358 obtorpuit
1051 1331 1063 1354 ,
1090 1293 1245 1340 donec
1269 1292 1398 1339 idem
1419 1292 1766 1340 Maximilianus
1784 1290 1925 1339 adve-

493 1373 648 1436 niret,
672 1381 719 1419 et
729 1376 830 1436 jam
845 1386 980 1435 paene
998 1370 1244 1418 transactis
1267 1370 1435 1417 aestivis
1453 1364 1714 1430 mensibus,
1735 1368 1924 1418 hiberni

502 1450 729 1514 temporis
753 1448 967 1495 conditio
990 1447 1161 1510 agendi
1173 1463 1277 1511 quae
1292 1454 1490 1512 perante
1511 1447 1647 1495 facile
1666 1447 1920 1512 potuisset,

501 1537 549 1575 et
575 1526 981 1592 opportunitatem
1007 1524 1236 1585 auferret,
1265 1534 1309 1572 et
1344 1534 1516 1572 cuncta
1536 1524 1757 1579 redderet
1782 1525 1925 1589 longe

503 1604 788 1651 difficiliora.
817 1606 936 1650 Nam
958 1619 1068 1649 cum
1089 1598 1362 1650 autumnale
1385 1612 1589 1668 tempus,
1613 1603 1819 1668 copiosis
1840 1603 1925 1650 im-

502 1681 670 1729 bribus
690 1680 865 1739 effusis,
892 1689 1040 1726 terras
1061 1679 1180 1741 illas,
1202 1679 1408 1726 maxime
1430 1679 1683 1741 Flandriae,
1706 1680 1769 1727 ad
1791 1681 1925 1744 equi-

502 1758 704 1806 tandum
726 1767 774 1805 et
792 1755 1080 1818 vectandum
1102 1755 1338 1804 inhabiles
1363 1755 1667 1816 reddidisset,
1691 1743 1801 1804 non'
1814 1756 1923 1805 abs·

503 1852 597 1900 que
620 1835 803 1898 magnis
828 1832 1185 1883 difficultatibus
1209 1843 1256 1880 et
1279 1834 1502 1898 periculis
1541 1834 1636 1881 illic
1665 1835 1925 1883 exercitum

503 1930 643 1960 suum
673 1911 919 1960 effundere
953 1928 1035 1960 seu
1083 1921 1235 1959 castra
1275 1911 1443 1959 metari
1487 1921 1534 1959 et
1569 1907 1805 1960 collocare
1839 1929 1927 1978 po-

505 2000 684 2038 tu1sset.

570 2071 677 2115 Non
724 2067 965 2115 desierunt
980 2077 1141 2114 tamen
1164 2118 1166 2121 ,
1193 2067 1382 2126 milites,
1427 2083 1549 2131 quos
1590 2067 1640 2115 in
1680 2066 1926 2115 liminibus

504 2144 733 2193 Flandriae
774 2154 822 2192 et
864 2145 1129 2192 Hannoniae
1164 2161 1252 2209 pro
1297 2144 1517 2209 praesidio
1563 2154 1810 2206 statuerat,
1848 2145 1926 2192 in-

506 2239 717 2284 cursare,
756 2222 978 2270 incendia
1012 2233 1059 2270 et
1103 2222 1286 2287 praedas
1323 2239 1479 2286 agere.
1516 2225 1573 2270 Et
1613 2240 1724 2270 cum
1758 2224 1807 2271 in
1845 2223 1925 2271 illa

505 2300 726 2348 Flandria
763 2300 1008 2362 inferiore,
1045 2300 1171 2347 circa
1216 2300 1781 2360 Sanctum-Odomarum,
1821 2298 1942 2359 Fla·⁴

505 2378 655 2442 mingi
677 2377 766 2424 sub
785 2378 998 2441 quodam
1017 2377 1165 2425 milite
1185 2377 1431 2441 indigena,
1454 2389 1778 2442 cognomento
1794 2381 1927 2426 Suet-

511 2456 738 2519 tehuyse¹,
764 2456 975 2514 collecti,
1012 2472 1099 2520 per
1129 2456 1244 2503 certi
1267 2456 1497 2521 temporis
1528 2457 1730 2522 spatium
1755 2474 1924 2523 quem-

508 2534 620 2582 dam
651 2533 812 2598 patriae
847 2532 1071 2592 limitem,
1110 2550 1255 2597 quem
1293 2535 1754 2598 Novum-Aggerem²
1783 2535 1925 2599 vulgo

563 2663 601 2699 1.
633 2660 808 2713 Corrigez
830 2662 1059 2711 steenhuyse
1064 2676 1079 2708 ;
1099 2662 1194 2700 mais
1217 2664 1313 2700 Jean
1333 2661 1381 2700 de
1398 2663 1556 2714 Bruges,
1577 2663 1710 2714 prince
1727 2663 1776 2702 de
1792 2666 1924 2704 Steen-

510 2722 651 2774 huyse,
672 2723 779 2762 a-t—il
798 2723 889 2762 bien
907 2724 1133 2764 commande
1152 2725 1206 2762 les
1224 2724 1368 2763 milices
1387 2725 1621 2764 flamandesi’

564 2788 603 2826 2.
634 2787 894 2839 Nieuwendyk
908 2801 958 2826 ou
968 2788 1214 2835 Neuf-Fosse‚
1226 2788 1334 2827 canal
1347 2789 1412 2840 qui
1422 2802 1472 2827 va
1482 2789 1611 2829 d’Aire
1629 2791 1651 2827 'a
1671 2789 1924 2831 saint-Omen
