2060 3392
0 1178 4 1188 ν
0 949 15 1141 -π--Ὑι-,η-ςυ-
0 841 14 934 ν-ψ
0 802 9 824 -.-

690 315 837 354 Luam
866 315 1069 354 SEXTUS.
1533 323 1576 359 5¹

170 410 286 450 ωτι
322 401 680 450 inchoationem
714 402 902 465 utrique
937 402 1189 464 referrent,
1220 420 1330 467 rex,
1376 405 1584 456 collectis

173 480 356 544 magnis
403 491 502 529 tam
549 497 770 541 suorum,
821 497 966 545 quam
1010 482 1299 532 Suitensium
1345 484 1584 534 dictorum

91 574 96 580 ·
171 559 347 625 copiiS,
375 559 522 627 duces
554 570 602 607 et
637 559 855 607 tribunos
889 560 1093 608 militum
1121 562 1447 627 quamplures,
1473 580 1586 611 cum

170 636 380 684 exercitu
408 637 568 686 valido
598 647 646 684 et
674 653 875 700 magne,
913 638 1040 685 misit
1071 639 1121 686 in
1152 640 1497 704 Burgundiam,
1534 652 1589 689 ut

169 713 451 764 comitatum
466 751 480 775 ,
505 730 648 779 quem
680 714 840 762 adhuc
877 714 973 763 dux
1008 718 1202 765 Austriae
1239 718 1455 781 tenebat,
1496 719 1587 767 sibi

169 791 452 855 acquireret.
497 793 603 839 Jam
650 791 803 852 enim,
843 802 896 838 ut
940 802 1050 840 ante
1092 794 1322 857 diximus,
1361 796 1587 844 ducatum

171 866 454 931 hirgundiae
474 878 629 915 totum
653 879 910 934 occuparat
936 879 984 916 et
1013 869 1281 931 detinebat3
1306 882 1355 921 et
1377 890 1491 921 cum
1510 875 1589 921 illa

171 944 344 993 misera
373 946 528 1010 patria
559 955 676 993 tunc
711 945 1042 994 desensoribus
1077 957 1125 995 et
1159 950 1303 997 armis
1341 968 1476 1016 paene
1506 968 1588 1000 va-

171 1031 312 1070 cuata
327 1032 474 1084 esset,
507 1039 608 1070 non
629 1024 791 1087 magni
812 1024 991 1087 negotii
1012 1034 1112 1072 erat
1131 1034 1265 1073 tanto
1286 1042 1342 1075 ac
1372 1038 1471 1076 tam
1502 1046 1591 1076 nu-

172 1115 363 1148 meroso
383 1101 607 1148 exercitui
630 1101 761 1149 omni
787 1118 921 1166 paene
946 1102 1167 1167 prasidio
1187 1103 1459 1154 destitutam
1483 1122 1590 1154 eam

172 1176 409 1242 subigere.

239 1256 437 1321 lugi-essi
461 1257 604 1321 igitur
635 1257 750 1321 regii
791 1268 966 1305 terram
1002 1258 1131 1305 illam
1147 1295 1160 1319 ‚
1198 1274 1435 1307 memores
1467 1261 1591 1309 illius

172 1333 343 1397 cladis»,
385 1351 532 1400 quam
570 1335 815 1399 superiore
859 1351 990 1382 anno
1033 1346 1341 1401 acceperant,
1381 1354 1493 1385 cum
1529 1339 1592 1386 ab

172 1410 425 1459 obsidione
450 1412 617 1478 oppidi
646 1412 866 1459 Dolensis
896 1411 1107 1459 submoti
1139 1421 1187 1459 et
1214 1413 1451 1478 profligati
1482 1414 1592 1463 suis-

171 1496 277 1535 sent
290 1489 327 1549 ¹,
353 1487 588 1553 oppidum
615 1487 774 1551 ipsum
801 1485 1021 1535 obsidere
1046 1497 1095 1534 et
1116 1504 1388 1553 expugnare
1414 1499 1592 1537 statue-

172 1574 307 1627 runt,
338 1565 390 1613 in
411 1582 510 1630 quo
540 1565 701 1629 aliqua
726 1581 785 1612 ex
812 1564 1134 1627 Suitensibus‚
1168 1566 1254 1614 sed
1283 1567 1451 1631 exigua
1482 1568 1593 1616 satis

171 1642 389 1708 praesidia
428 1642 731 1691 exsistebant.
774 1644 895 1690 Cum
937 1653 1098 1690 autem
1136 1660 1224 1708 per
1261 1645 1445 1708 aliquot
1493 1645 1594 1693 dies

171 1718 452 1770 bombardis
474 1731 521 1769 et
542 1720 776 1769 machinis
794 1755 808 1779 ,
834 1737 955 1784 quas
975 1720 1071 1768 illic
1092 1722 1258 1769 Franci
1277 1724 1327 1769 in
1352 1724 1492 1789 copia
1511 1725 1595 1772 ad-

172 1809 416 1860 vexerant,
431 1809 584 1850 turres
594 1808 641 1846 et
650 1814 901 1845 murorum
914 1800 1276 1863 propugnacula
1291 1800 1588 1864 dejecissent,

182 1875 415 1941 oppidum
432 1877 589 1941 ipsum
610 1875 791 1939 absque
814 1891 992 1938 magno
1014 1877 1206 1938 negotio
1234 1889 1585 1943 expugnarunt.

175 1955 233 2000 Et
255 1970 391 2015 cum,
412 1955 489 2002 vel
506 1954 656 2014 caesiS,
686 1954 759 2000 vel
781 1954 930 2018 captis
954 1953 1161 2015 civibus,
1186 1956 1393 2021 exceptis
1412 1956 1487 2004 his
1507 1958 1591 2022 qui

172 2031 298 2080 elabi
326 2042 609 2099 potuerunt,
649 2031 813 2080 omnia
847 2031 1181 2097 diripuissent,
1214 2035 1371 2099 ipsum
1408 2036 1592 2102 insigne

172 2110 421 2174 quondam
448 2110 683 2177 oppidum
706 2109 960 2157 crudeliter
978 2111 1203 2159 incendio
1224 2125 1592 2162 concremarunt

173 2196 233 2235 et·
253 2188 304 2236 in
331 2189 516 2237 cineres
542 2188 827 2252 redegerunt
843 2189 882 2248 ¹3
910 2188 1043 2252 quod
1082 2200 1302 2254 perante,
1326 2201 1375 2238 et
1401 2192 1592 2240 studen-

172 2264 294 2313 tium
315 2266 619 2314 universitate
632 2303 645 2328 ,
670 2274 718 2312 et
744 2265 877 2313 curia
903 2265 1185 2331 parlamenti
1209 2268 1332 2315 illius
1354 2278 1490 2317 terrae
1515 2286 1592 2317 su-

178 2359 364 2408 prema,
389 2361 475 2410 per
498 2361 653 2393 annos
666 2343 824 2409 plures
846 2343 1000 2391 fuerat
1020 2343 1312 2409 insignitum.

239 2423 448 2470 Fuerunt
466 2422 550 2488 qui
575 2421 789 2469 dicerent
819 2420 1053 2486 oppidum
1086 2421 1251 2471 fraude
1272 2424 1560 2472 Suitensium
1573 2463 1586 2487 ,

174 2499 258 2563 qui
275 2498 371 2547 illic
391 2516 483 2565 pro
498 2498 717 2565 prasidio
735 2496 1014 2561 adstabant,
1032 2501 1224 2548 Francis
1238 2517 1295 2549 ac
1314 2501 1592 2549 contribuli-

173 2575 265 2624 bus
282 2577 404 2639 suis,
428 2578 512 2642 qui
533 2577 583 2624 in
602 2575 808 2624 exercitu
831 2576 952 2639 regis
978 2587 1139 2638 erant,
1160 2577 1299 2626 fuisse
1323 2579 1586 2643 proditum.

174 2653 268 2701 Sed
290 2654 421 2718 quod
446 2655 511 2702 ita
533 2653 671 2701 fuerit
687 2691 700 2714 ,
725 2663 1026 2718 compertum
1048 2655 1159 2702 satis
1189 2672 1288 2702 non
1324 2655 1585 2719 habemus;

228 2759 267 2795 ¹.
298 2759 396 2807 Voy.
416 2756 619 2802 ci-daesus,
639 2770 667 2807 p
684 2757 749 2794 212.

227 2820 266 2857 2.
300 2818 375 2857 Mai
396 2820 515 2857 ¹479.
