2060 3392
438 288 514 325 310
1009 286 1283 334 nomeu,

435 376 604 423 reverti
628 376 678 424 in
705 375 854 424 dictas
878 374 1133 422 Cataloniae
1161 383 1307 421 terras
1329 374 1524 423 minime
1547 386 1820 440 poteramus
1834 412 1848 437 ‚

434 462 532 500 tam
547 452 721 516 justas,
750 461 847 500 tam
874 451 1177 501 rationabiles
1201 461 1250 499 et
1272 451 1542 500 manifestas
1559 489 1572 513 ,
1609 453 1743 518 quod
1763 444 1853 503 nec

434 530 473 579 si
495 529 626 595 apud
647 529 844 594 Scythas
866 539 949 576 aut
969 545 1298 594 quoscumque
1318 528 1549 578 barbaros
1569 531 1848 594 egissemus,

431 607 745 657 verisimiliter
754 606 943 656 refutari
962 606 1196 656 ullatenus
1206 606 1496 655 debuissent.
1518 608 1854 658 Scribebamus

431 684 625 749 insuper
644 684 708 731 ad
745 682 1006 733 nonnullos
1044 683 1246 742 amicos,
1275 684 1358 748 qui
1388 684 1439 732 in
1470 685 1601 732 curia
1629 701 1714 733 sua
1750 701 1851 737 non

430 760 586 826 parvis
610 760 930 824 fungebantur
943 760 1228 823 honoribus,
1254 772 1305 809 ut
1322 761 1464 813 nobis
1478 779 1566 810 suo
1584 763 1851 828 patrocinio

430 839 479 885 in
493 838 575 887 tali
591 839 864 887 necessitate
880 854 1024 905 opem
1037 838 1156 889 ferre
1176 850 1414 888 curarent.
1441 839 1535 888 Sed
1547 839 1851 893 calumniosis

429 918 523 966 suis
546 918 808 967 mendaciis
840 927 1026 967 tantum
1057 918 1188 982 apud
1224 935 1335 967 eum
1363 919 1538 983 impius
1558 918 1638 965 ille
1667 917 1851 966 satelles

429 1011 539 1044 cum
551 994 814 1044 fautoribus
835 995 930 1044 suis
944 995 1101 1060 potuit
1111 994 1298 1043 efficere
1310 1005 1380 1055 ut,
1399 1012 1555 1060 neque
1571 1012 1678 1058 nos,
1691 1012 1850 1061 neque

428 1072 597 1136 aliquis
628 1071 926 1122 intercedens
949 1089 1037 1137 pro
1058 1071 1200 1121 nobis
1218 1073 1317 1120 ullo
1339 1073 1488 1121 modo
1509 1073 1724 1131 exaudiri
1743 1089 1850 1138 pos-

425 1166 598 1200 semus.
626 1150 755 1207 Quin
786 1150 943 1215 potius
976 1150 1117 1201 nobis
1151 1168 1379 1216 responsa
1403 1151 1622 1216 quaedam
1643 1151 1850 1200 barbara

425 1242 643 1290 prorsus,
671 1242 792 1274 saeva
815 1237 862 1274 et
880 1227 1116 1286 crudelia,
1136 1244 1225 1292 pro
1251 1228 1422 1276 nostris
1437 1228 1704 1291 justissimis
1729 1229 1848 1294 peti-

427 1303 638 1351 tionibus
656 1314 703 1352 et
720 1305 1105 1363 excusationibus
1119 1342 1131 1365 ,
1152 1306 1339 1355 reddita
1358 1316 1485 1354 sunt.

491 1384 607 1444 Quae
640 1383 1096 1444 animadvertentes,
1124 1385 1340 1433 animum
1365 1401 1558 1450 quoque
1579 1385 1642 1439 ad
1667 1402 1756 1434 nos
1778 1395 1849 1450 ty-

425 1459 592 1519 ranni,
619 1476 763 1523 quem
797 1461 898 1524 ejus
919 1471 966 1508 et
990 1461 1137 1509 verba
1166 1455 1216 1511 et
1237 1462 1358 1512 facta
1380 1462 1679 1523 indicabant,
1707 1463 1849 1512 simul

425 1537 570 1589 etiam
589 1537 722 1601 quod
741 1537 870 1602 apud
892 1555 1005 1586 eum
1027 1548 1208 1587 tantam
1231 1540 1430 1602 gratiam
1454 1551 1647 1604 tamque
1664 1540 1850 1604 facilem

426 1615 610 1666 aditum
642 1616 792 1662 nostri
830 1615 1198 1681 calumniatores
1233 1617 1498 1681 impiissimi
1526 1617 1816 1666 invenissent
1831 1654 1844 1678 ,

426 1692 508 1755 qui
533 1708 631 1739 non
655 1692 786 1741 aliud
809 1709 954 1756 quam
973 1710 1061 1743 nos
1075 1693 1323 1758 ,perditum
1345 1694 1403 1741 iri
1425 1693 1716 1758 quaerebant,
1743 1705 1798 1742 ut
1819 1711 1849 1744 a

425 1785 474 1816 se
490 1769 652 1832 inique
675 1780 722 1817 et
742 1769 962 1834 improbe
976 1771 1242 1835 concupitis
1262 1771 1404 1836 potiri
1426 1781 1620 1836 possent
1634 1772 1757 1836 (quae
1775 1787 1850 1820 res

425 1847 492 1894 eis
520 1849 687 1913 procul
721 1848 874 1897 dubio
911 1849 1230 1914 provenisset,
1257 1851 1296 1897 si
1326 1867 1497 1898 manus
1518 1850 1766 1914 sacrilegas
1797 1851 1848 1899 in

424 1942 678 1989 personam
710 1937 920 1976 nostram
943 1928 1130 1977 mittere
1154 1928 1457 1994 potuissent),
1482 1929 1730 1978 statuimus
1758 1945 1848 1994 pro

426 2013 640 2068 tempore
677 2021 844 2054 eorum
888 2005 1098 2056 furorem
1139 2016 1282 2069 atque
1318 2006 1546 2055 saevitiam
1587 2006 1842 2055 declinare.

426 2083 546 2131 Cum
569 2082 697 2132 enim
722 2099 821 2130 non
843 2099 955 2137 oves
972 2121 984 2144 ,
1014 2083 1098 2133 sed
1121 2084 1277 2131 solum
1299 2094 1539 2149 pastorem
1561 2085 1777 2132 occidere
1800 2095 1848 2132 et

424 2159 624 2223 perdere
646 2161 948 2224 exquirerent
959 2161 1152 2225 (quibus
1175 2161 1345 2210 ovibus
1366 2179 1452 2226 per
1468 2163 1669 2210 vicarios
1679 2173 1727 2210 et
1740 2180 1849 2233 pro·

424 2236 514 2284 bos
538 2237 763 2287 officiales
787 2238 1021 2302 valdeque
1058 2239 1259 2289 idoneos
1289 2240 1578 2287 sufficienter
1604 2241 1847 2305 provisum

426 2312 565 2375 erat),
589 2313 807 2377 exemplo
822 2323 868 2362 et
884 2324 1120 2379 praecepto
1143 2315 1398 2364 Salvatoris
1417 2315 1563 2364 nostri
1579 2314 1756 2376 edocti,
1779 2332 1847 2364 sa·

427 2390 516 2438 tius
551 2388 650 2436 fore
679 2391 1048 2441 existimavimus
1080 2393 1464 2457 persequentium
1499 2393 1730 2442 saevitiam.
1756 2411 1846 2459 pro

425 2477 640 2532 tempore
678 2468 940 2530 declinare,
975 2487 1121 2534 quam
1151 2481 1330 2521 temere
1362 2480 1408 2517 et
1441 2471 1542 2518 sine
1576 2471 1735 2534 aliqua
1763 2488 1847 2537 spe

423 2544 663 2608 profectus
693 2563 815 2606 nos,
855 2547 917 2595 ab
946 2548 1126 2599 eisdem
1161 2547 1455 2612 perdendos,
1484 2547 1847 2597 evidentissimis

421 2621 659 2686 objectare
682 2625 919 2690 periculis.

2036 3138 2060 3392 *Wfflxxac-:n
2047 3105 2060 3123 f.
2051 3068 2060 3093 u...
2043 3046 2060 3057 Ο
2036 3021 2060 3032 δ
2056 3003 2060 3005 .
2055 2977 2060 2985 .
2051 2924 2060 2963 „m
2052 2875 2060 2910 .-Α
