2060 3392
520 328 596 365 324
1085 326 1357 371 nomem,

519 415 622 462 vitae
644 416 821 462 exitum
845 415 991 461 fecit¹.
1021 417 1110 460 Pro
1133 414 1307 478 quibus
1328 425 1488 462 tamen
1514 415 1739 463 omnibus
1760 416 1932 464 nostris

514 492 895 558 persecutoribus
930 492 1165 557 supplices
1199 491 1422 539 divinam‘
1447 507 1696 539 exoramus
1729 492 1932 542 clemen-

512 571 629 619 tiam
655 581 886 636 quatenus
907 586 989 617 eos
1011 586 1068 617 ex
1092 570 1221 635 ipsiS,
1251 570 1332 635 qui
1355 569 1513 617 adhuc
1538 570 1807 635 superstites
1829 587 1930 619 ma-

516 659 645 708 nent,
679 648 741 695 ad
770 638 931 695 &eram
953 647 1281 712 poenitentiam
1312 664 1415 712 quae
1444 647 1787 711 indulgentiam
1821 664 1932 714 pro-

514 727 683 773 mereri
714 725 867 773 valeat
887 725 1170 773 delictorum
1191 724 1446 782 adducere,
1472 725 1546 772 his
1571 742 1701 784 vero,
1731 725 1814 790 qui
1830 725 1931 790 jam

511 819 568 849 ex
585 803 680 850 hoc
704 801 874 849 saeculo
894 801 954 848 de
976 801 1088 866 ipsis
1101 801 1404 860 transierunt,
1429 802 1664 866 propitius
1684 811 1732 849 et
1751 802 1935 849 miseri-

511 895 618 926 cors
641 879 858 926 exsistere
878 879 1113 942 dignetur.
1140 879 1267 926 Licet
1287 879 1416 926 enim
1438 895 1528 944 pro
1546 879 1752 944 suscepti
1774 879 1932 945 operis

509 957 848 1022 adimpletione
873 973 1041 1004 eorum
1062 957 1207 1022 impie
1235 957 1286 1003 in
1308 973 1398 1004 nos
1422 957 1627 1004 admissa
1647 957 1819 1005 referre
1846 974 1927 1004 ne-

510 1049 637 1081 cesse
665 1034 942 1093 habeamus,
982 1034 1088 1099 plus
1120 1043 1281 1095 tamen
1313 1033 1374 1081 de
1406 1049 1576 1082 eorum
1609 1032 1930 1100 impietatibus

509 1111 870 1175 animarumque
888 1111 1127 1177 periculis,
1155 1126 1302 1174 quam
1322 1127 1412 1175 pro
1437 1110 1624 1158 damnis
1648 1119 1790 1175 atque
1811 1110 1931 1174 inju—

508 1189 603 1247 riis,
629 1205 747 1253 quas
772 1190 860 1255 ipsi
885 1188 1027 1237 nobis
1050 1187 1327 1247 intulerunt,
1350 1187 1591 1235 tristamur
1617 1197 1664 1234 et
1685 1186 1925 1246 dolemus3

508 1283 595 1314 nec
613 1284 703 1332 pro
721 1267 804 1325 eis,
824 1267 935 1314 licet
949 1265 1091 1314 nobis
1109 1265 1445 1313 inimicissimis
1467 1265 1570 1312 sine
1583 1263 1753 1324 causa,
1774 1266 1930 1313 Deum

505 1343 774 1408 deprecari,
795 1345 929 1408 juxta
951 1343 1272 1407 evangelicam
1294 1342 1549 1390 Salvatoris
1570 1342 1722 1391 nostri
1749 1341 1928 1390 doctri-

507 1437 638 1479 nam,
664 1431 806 1486 atque
825 1437 962 1469 orare
980 1421 1246 1468 omisimus.

945 1608 1290 1654 CAPITULUM
1335 1608 1480 1653 XXII.

506 1736 700 1780 Quomodo
716 1735 894 1784 praedictis
909 1737 1020 1771 causis
1036 1744 1070 1771 et
1086 1735 1262 1771 violentiis
1286 1735 1461 1783 prohibiti
1480 1747 1603 1770 sumus
1626 1736 1807 1770 ecclesiam
1828 1748 1928 1783 repe-

553 1802 626 1828 tere
636 1819 647 1836 ,
668 1801 702 1827 et
717 1791 816 1839 quod
832 1791 877 1827 de
892 1792 1050 1827 absentia
1065 1800 1188 1828 nostra
1205 1793 1251 1828 ab
1267 1791 1391 1827 eadem
1414 1792 1585 1826 fuerimus
1605 1804 1794 1838 sumusque
1811 1793 1929 1828 ratio·-

553 1851 717 1885 nabiliter
735 1849 902 1885 excusati.

574 1971 664 2015 Pro
683 1966 959 2032 hujusmodi
981 1967 1135 2030 igitur
1142 1966 1311 2023 causis,
1336 1965 1561 2012 violentia
1581 1964 1796 2029 dolisque
1817 1981 1927 2030 pra-

506 2063 677 2093 vorum
723 2055 770 2093 et
804 2045 1062 2109 impiorum
1091 2038 1320 2108 prohibiti
1360 2042 1590 2090 hactenus
1632 2041 1806 2090 fuimus
1850 2059 1927 2090 su-

507 2141 706 2188 musque
728 2123 791 2170 ad
812 2122 946 2169 sedes
966 2121 1184 2186 proprias
1205 2120 1399 2181 reverti,
1424 2120 1655 2183 veritique
1675 2135 1861 2184 semper
1881 2130 1928 2167 et

507 2218 606 2249 non
629 2201 690 2249 ab
721 2217 771 2249 re
804 2198 965 2264 pavidi
987 2214 1075 2245 nos
1097 2198 1220 2245 illius
1244 2197 1373 2257 fidei,
1404 2197 1591 2260 justitiae
1612 2197 1927 2261 potestatique

508 2279 821 2336 committere,
849 2276 982 2339 cujus
1001 2275 1116 2322 tales
1137 2290 1216 2321 eas
1239 2290 1354 2334 esse,
1382 2274 1544 2337 quales
1564 2289 1707 2337 supra
1728 2274 1927 2320 retexui-

508 2372 637 2411 mm,
671 2353 981 2413 offendimus,
1017 2362 1064 2399 et
1094 2362 1197 2398 tum
1229 2352 1279 2398 in
1308 2350 1524 2415 plurimis
1550 2350 1858 2415 maximisque
1880 2361 1927 2398 et

507 2432 827 2479 illustrissimis
848 2429 1159 2495 principibus,
1185 2439 1288 2475 tum
1303 2429 1353 2475 in
1372 2427 1640 2492 nobisipsis
1658 2428 1927 2492 frequenter

507 2519 774 2575 compertas
807 2508 1089 2565 habuimus;
1132 2506 1485 2569 consultiusque
1525 2505 1746 2553 duximus
1784 2504 1929 2574 atqie

507 2587 779 2651 eligibilius,
814 2585 982 2650 procul
1010 2601 1038 2632 a
1070 2583 1291 2648 periculis
1321 2593 1417 2630 tam
1449 2583 1706 2630 manifestis
1733 2593 1925 2648 tamque

562 2709 600 2744 1.
631 2706 663 2744 Il
687 2706 744 2744 sut
769 2704 926 2743 execute
951 2704 988 2742 le
1008 2707 1029 2742 7
1052 2703 1148 2741 avril
1170 2704 1273 2741 1473
1296 2704 1318 2740 ὲ
1336 2703 1495 2741 Poitiers
1512 2732 1523 2750 ‚
1545 2716 1646 2755 pour
1663 2703 1773 2742 avoir
1791 2702 1852 2741 ete
1870 2702 1923 2741 du

507 2768 677 2820 complot
694 2767 762 2820 qui
777 2767 875 2806 livra
892 2770 1080 2806 Lectoure
1094 2779 1143 2804 au
1157 2774 1280 2804 comte
1300 2765 1570 2819 d'Armagnac,
1592 2767 1614 2804 a
1628 2765 1667 2804 la
1688 2766 1741 2804 fin
1758 2765 1808 2818 de
1825 2765 1921 2803 l'an-

508 2832 581 2870 nee
599 2831 840 2883 precedente.
