2060 3392
738 291 1044 337 PROOEMIUM.
1526 292 1601 343 241

196 377 348 440 fuero,
369 378 464 445 hoc
488 380 643 444 ipsum
666 379 943 445 ignora[bi]t
959 381 1123 428 anima
1144 396 1266 428 mea.
1291 380 1385 437 Qui
1404 379 1546 427 etiam
1566 379 1605 426 si

195 454 410 503 habuero
446 476 469 499 n
495 457 560 504 ait
591 477 615 499 «
640 457 886 522 quidpiam
911 459 1116 521 justum,
1142 473 1242 504 non
1272 455 1574 522 respondebo
1590 493 1603 516 ‚

197 532 281 581 sed
297 533 511 598 judicem
533 551 695 582 meum
718 533 1031 599 deprecabor.
1061 555 1084 577 »

259 613 360 659 Hac
377 611 517 674 igitur
536 611 813 660 humilitatis
834 612 1034 659 instituti
1056 611 1273 659 doctrina
1288 621 1430 676 atque
1451 629 1609 663 exem-

196 688 278 752 plo
288 725 308 751 ,ῃ
326 688 455 754 apud
478 689 766 749 Dominum,
792 689 921 753 apud
949 705 1093 753 quem
1116 689 1436 736 misericordia
1455 698 1504 736 et
1520 705 1610 736 co-

196 765 330 829 piosa
365 765 653 830 redemptio,
699 766 844 813 satius
866 767 1008 829 longe
1045 766 1264 813 ducimus
1296 784 1408 813 cum
1441 766 1611 813 humili

196 840 451 906 publicano
490 842 861 892 misericordiam
898 843 1147 908 imprecari
1190 853 1236 889 et
1271 842 1429 890 dicere
1464 843 1610 891 corde

194 919 380 967 sincero
410 937 421 966 ε
453 941 474 963 α
503 923 631 968 Deus
644 957 657 981 ‚
696 921 929 986 propitius
965 930 1065 968 esto
1100 921 1219 989 mihi
1236 957 1248 981 ‚
1288 921 1556 985 peccatori,
1585 940 1609 966 n

195 1013 341 1062 quam
376 1008 748 1063 praesumptuose
772 1015 828 1046 ac
861 1009 1036 1046 temere
1073 999 1203 1064 apud
1238 1015 1350 1045 eum
1383 1000 1615 1046 innocen-

193 1073 310 1123 tiam
343 1091 547 1123 asserere
575 1077 651 1123 vel
684 1076 938 1124 defendere
969 1076 1105 1123 velle.
1142 1077 1287 1135 Quod
1309 1086 1410 1124 esto
1438 1077 1505 1124 ita
1525 1077 1610 1137 sit,

195 1161 354 1200 tamen
373 1154 537 1221 quoad
568 1155 841 1203 mortalium
871 1155 1126 1202 hominum
1155 1155 1390 1218 judicium
1421 1155 1610 1216 attinet,

195 1229 279 1292 qui
310 1247 473 1296 aequos
491 1241 539 1278 et
564 1232 716 1295 justos
735 1249 785 1280 se
807 1249 965 1279 rerum
988 1232 1293 1279 aestimatores
1315 1242 1458 1296 atque
1481 1231 1616 1279 arbi-

196 1315 294 1354 tros
310 1303 534 1356 exhibere
550 1309 787 1356 voluerint
798 1347 810 1371 ,
833 1310 882 1356 in
901 1319 1112 1357 nostram
1127 1309 1422 1374 apologiam,
1442 1308 1616 1356 eodem

196 1383 412 1448 adjutore
435 1386 495 1432 de
516 1386 649 1450 cujus
670 1396 717 1434 et
738 1387 787 1433 in
809 1387 943 1450 cujus
972 1387 1074 1434 sola
1095 1387 1244 1450 gratia
1264 1396 1406 1450 atque
1434 1385 1633 1437 miseri-¹

195 1461 360 1510 cordia
400 1479 642 1528 speramus
687 1473 734 1511 et
775 1463 1084 1524 confidimus,
1121 1464 1234 1511 talia
1279 1463 1615 1510 subnectemus

196 1554 301 1607 quae
334 1555 423 1586 nos
456 1550 623 1588 contra
660 1540 979 1604 malignorum
1013 1557 1096 1588 seu
1130 1540 1507 1588 obtrectatorum
1543 1556 1618 1587 ca-

194 1614 401 1664 lumnias
422 1617 547 1681 juste
568 1634 624 1665 ac
647 1618 988 1666 rationabiliter
1011 1629 1233 1667 tueantur
1254 1629 1302 1666 et
1324 1617 1610 1676 defendant;

197 1702 250 1740 ut
263 1695 446 1742 cunctis
466 1695 549 1759 qui
568 1695 670 1743 haec
686 1696 840 1759 legere
863 1707 911 1743 et
928 1697 1303 1745 animadvertere
1326 1695 1612 1753 curaverint,

196 1769 430 1838 liquidugn
459 1771 542 1820 fiat
573 1789 663 1820 nos
696 1768 1028 1839 improborum
1059 1774 1460 1821 calumniatorum
1493 1773 1617 1819 dolis

198 1847 568 1911 circumventos,
594 1860 641 1897 et
667 1851 926 1915 impiorum
958 1851 1193 1898 violentiis
1221 1861 1269 1898 et
1301 1850 1615 1914 injustissimis

198 1923 319 1973 odiis
340 1936 611 1990 persecutos
627 1927 765 1975 fuisse
786 1937 835 1975 et
854 1943 1120 1994 oppressos.

333 2858 381 2883 m
1348 2847 1399 2885 16
