2060 3392
715 310 862 347 LIBER
888 307 1090 346 SEXTUS.
1565 309 1613 344 75

191 406 291 445 tam
327 396 422 444 alte
455 395 638 444 radices
671 394 798 441 misit
838 395 887 440 in
931 394 1103 440 animis
1134 392 1389 440 hominum
1432 402 1481 440 et
1516 403 1614 440 tam

193 475 419 523 tenaciter
447 490 532 521 eos
551 471 918 530 adinimicaviv,
936 481 991 519 ut
1004 508 1016 531 ,
1037 471 1255 536 quamvis
1280 471 1422 519 stulta
1443 480 1491 518 et
1514 473 1616 519 sine

194 553 390 602 rationis
435 549 676 618 probabili
721 550 884 614 aliquo
928 549 1091 598 colore
1132 559 1295 598 exorta
1331 549 1408 596 vel
1447 550 1615 597 saltem

194 640 470 696 nuncupata
502 629 738 689 videatur,
776 644 890 675 cum
923 638 971 676 et
1003 628 1176 676 hamus
1200 637 1249 675 et
1277 628 1445 693 piscis,
1469 643 1615 692 quem

183 708 340 772 vulgo
359 706 577 773 cabeljau
603 707 879 766 nominant,
907 722 966 753 ex
1002 723 1141 772 aequo
1179 704 1404 754 omnibus
1426 705 1617 771 populis

195 785 460 835 nolhndiae
481 785 753 833 communis
780 784 841 831 sit
859 784 969 848 (qui
991 783 1326 848 hujuscemodi
1347 783 1492 830 etiam
1518 783 1614 847 pis—

196 865 326 913 cium
346 880 405 913 ac
429 862 712 911 eoeteroruui
733 861 995 927 piscatione
1012 863 1191 909 victum
1213 871 1260 909 et
1285 877 1482 925 magnas
1505 861 1621 908 divi-

196 943 286 991 tias
308 956 588 1007 comparare
611 939 1016 1002 consueverunt),
1042 949 1251 986 attamen
1283 956 1373 987 nec
1398 939 1620 986 exhorta-

198 1019 332 1068 tione
354 1028 438 1066 aut
459 1017 678 1066 doctrina
713 1016 859 1064 Verbi
885 1016 1063 1077 divini,
1098 1033 1187 1064 nec
1210 1017 1383 1064 timore
1405 1017 1519 1078 Dei,
1542 1027 1625 1065 aut

198 1096 471 1164 principum
503 1094 831 1142 sanctionibus
860 1094 935 1141 vel
967 1094 1134 1142 edictis
1150 1131 1163 1156 ,
1199 1093 1262 1142 ab
1292 1094 1625 1159 hujuscemodi

200 1173 550 1223 dissensionum
562 1172 904 1220 nefandissimo
922 1182 1065 1236 atque
1077 1172 1479 1237 perniciosissimo
1491 1173 1626 1220 semi-

201 1250 338 1301 nario
377 1251 609 1299 hactenus
647 1250 838 1315 purgari
881 1250 957 1297 vel
1003 1250 1342 1313 conquiescere
1395 1260 1621 1316 possunt,

202 1329 320 1393 quin
378 1344 566 1394 semper
613 1327 790 1375 haereat
840 1326 989 1373 fixum
1027 1327 1076 1373 in
1114 1327 1292 1374 intimis
1324 1327 1596 1392 praecordiis
1613 1365 1624 1384 ‚

203 1406 542 1470 imitenturque
568 1407 583 1430 ¹
631 1404 870 1468 majorum
924 1418 1120 1450 suorum
1180 1419 1368 1468 semper
1425 1402 1629 1450 infelicia

202 1483 398 1546 vestigia
413 1520 427 1544 ‚
476 1503 501 1528 α
537 1491 585 1529 et
626 1482 726 1530 nati
760 1490 1010 1541 natorum,
1051 1490 1100 1527 et
1140 1481 1223 1545 qui
1265 1490 1530 1528 nascuntur
1567 1479 1630 1527 ab

205 1559 313 1608 illis.
341 1579 366 1605 ι

270 1640 341 1685 Ex
378 1637 471 1686 hac
502 1636 710 1685 nefanda
752 1636 992 1684 malorum
1034 1635 1194 1683 radice
1235 1636 1459 1701 contigit,
1502 1651 1633 1683 anno

207 1715 403 1764 Domini
429 1731 707 1764 uccccnxxx
722 1748 735 1771 ,
761 1713 911 1778 quod,
938 1730 1050 1761 cum
1077 1714 1139 1761 de
1157 1713 1341 1779 oppido
1363 1713 1424 1761 de
1443 1712 1630 1777 Leydis⁸

207 1793 472 1851 Hollandiae
492 1791 715 1840 nonnulli
738 1791 916 1838 civium
935 1791 1205 1839 exsularent
1217 1829 1229 1852 ,
1250 1791 1310 1839 de
1328 1800 1463 1856 parte
1479 1792 1634 1837 Hoec·

210 1870 372 1930 kense,
398 1880 448 1919 et
467 1886 517 1918 se
541 1868 671 1935 apud
690 1868 959 1933 Trajectum
980 1869 1290 1934 recepissent,
1316 1869 1437 1916 inito
1461 1868 1638 1915 foedere

210 1964 323 1996 cum
338 1948 432 2010 his,
452 1949 536 2013 qui
557 1957 662 1995 tum
683 1947 1012 2010 magistratum
1029 1947 1082 1993 in
1105 1962 1163 1994 ea
1184 1947 1374 1994 civitate
1390 1945 1635 2010 gerebant,

211 2027 347 2091 cujus
367 2028 510 2088 cives,
540 2035 593 2074 ut
611 2026 774 2086 fertur,
797 2024 860 2073 ab
879 2025 1077 2089 antiquo
1099 2035 1256 2091 partes
1277 2025 1470 2073 illorum
1490 2028 1641 2072 Hoec-

213 2105 431 2153 kensium
463 2105 575 2152 satis
603 2103 908 2169 pertinaciter
934 2102 1282 2164 defendebant,
1314 2103 1543 2150 auxilium
1576 2101 1638 2150 ab

211 2182 392 2231 eisdem
432 2181 742 2248 postularent.
787 2180 933 2239 Quod
963 2197 1075 2227 cum
1109 2180 1245 2229 facile
1275 2181 1607 2247 impetrassent
1626 2217 1638 2239 ‚

214 2261 399 2309 circiter
423 2261 658 2309 ducentos
695 2260 824 2306 viros
860 2257 921 2305 de
955 2257 1141 2307 civibus
1164 2259 1262 2307 suis
1277 2296 1290 2320 ,
1321 2259 1451 2306 clero
1482 2268 1641 2305 tamen

216 2339 417 2388 civitatis
446 2348 494 2385 et
527 2325 872 2385 communitate
894 2335 955 2383 de
978 2335 1074 2384 hoc
1097 2336 1217 2383 nihil
1240 2335 1499 2384 scientibus
1514 2373 1527 2397 ‚
1555 2336 1644 2383 eis-

218 2417 330 2465 dem
357 2415 598 2464 exsulibus
614 2453 627 2477 ,
663 2416 726 2463 ad
757 2431 897 2462 suum
920 2414 1156 2480 oppidum
1179 2415 1422 2480 Leydense
1436 2452 1448 2476 ,
1472 2414 1511 2461 si
1534 2429 1645 2478 pos-

221 2503 350 2555 sent,
373 2493 781 2559 recuperandum,
806 2491 1204 2552 commodarunt3
1228 2509 1437 2558 quorum
1459 2500 1506 2540 et
1529 2506 1645 2537 con-

281 2696 318 2732 1.
348 2695 410 2734 Sic
427 2693 642 2734 Matthaeus.
665 2693 857 2731 Adunavit
871 2692 967 2731 dans
986 2691 1022 2730 le
1041 2705 1113 2731 ms.

281 2758 319 2794 2.
352 2758 624 2807 [miranturque
638 2755 734 2795 dans
749 2756 786 2794 le
804 2768 876 2795 ms,
899 2756 1148 2805 Imitatur-qne
1167 2755 1261 2792 dans
1280 2752 1495 2791 Matthaeus.

234 2841 239 2844 -
282 2820 319 2856 3.
352 2819 493 2859 Levde.
