2060 3392
416 331 494 368 150
782 325 1125 367 ms'rommtm
1153 324 1390 366 Lunovlcl
1416 328 1474 364 XI

416 419 625 467 accessit.
656 418 906 466 Inveniens
935 424 1093 463 autem
1116 412 1289 462 ducem
1304 417 1317 441 ¹
1341 425 1389 462 et
1410 414 1717 464 domicellum
1738 418 1833 466 En-

415 496 712 561 ghelbertum
743 495 811 550 de.
829 494 998 555 clivis,
1031 493 1221 541 fratrem
1258 494 1442 554 suum’,
1477 510 1622 560 quem
1644 496 1835 560 tyranni

414 575 625 624 civitatis
645 575 694 622 in
723 589 862 621 suum
889 572 1019 619 velut
1037 571 1288 619 dominum
1311 573 1586 622 invexerant
1610 573 1838 639 adversus

414 670 553 700 suum
573 651 867 717 pontificem,
890 666 1071 716 pronos
1091 661 1137 698 et
1159 650 1316 699 faciles
1337 651 1400 699 ad
1421 651 1471 699 id
1491 652 1624 717 quod
1643 651 1835 701 affecta-

412 731 496 778 bat
506 728 866 795 perficiendum‚
879 726 1102 776 eumdem
1114 727 1421 776 domicellum
1437 765 1449 789 ,
1472 731 1676 796 acceptis
1695 730 1835 796 quin·

413 807 563 870 gentis
603 817 685 854 aut
717 806 947 853 sexcentis
981 806 1211 864 rutheriS,
1253 823 1280 853 e
1314 804 1488 872 quibus
1509 808 1668 874 plures
1699 802 1835 857 erant

413 884 519 950 qui,
548 884 734 931 civitate
763 883 926 948 ejecti,
956 881 1046 931 sub
1075 883 1248 931 eodem
1270 884 1526 934 domicello
1552 896 1599 934 et
1622 886 1835 952 tyrannis

414 961 614 1010 civitatis
636 961 730 1008 illic
754 977 843 1027 pro
866 961 1086 1027 praesidio
1110 962 1330 1010 collocati
1351 962 1554 1026 fuerant,
1579 961 1834 1011 Amersfor-

414 1041 542 1088 diam
572 1039 787 1087 adduxit.
826 1041 936 1098 Quo
957 1039 1008 1086 in
1030 1038 1139 1087 loco
1161 1056 1247 1105 per
1277 1041 1458 1106 aliquot
1487 1041 1588 1089 dies
1611 1058 1832 1107 repausa-

413 1119 503 1181 vit,
542 1118 792 1183 explorans
831 1133 917 1183 per
950 1118 1237 1182 transfugas,
1274 1119 1358 1184 qui
1391 1118 1679 1184 implacabili
1720 1118 1834 1168 odio

413 1212 552 1244 suum
586 1194 832 1243 habebant
856 1196 1134 1262 episcopum
1149 1233 1161 1257 ‚
1199 1196 1352 1261 qualis
1383 1196 1478 1244 illic
1511 1197 1717 1244 militum
1751 1213 1835 1246 seu

413 1274 721 1321 rutherorum
742 1289 929 1334 manus,
955 1274 1108 1338 qualis
1123 1274 1173 1321 in
1193 1274 1341 1321 muris
1358 1283 1406 1321 et
1423 1274 1574 1340 portis
1591 1274 1808 1324 custodia
1819 1312 1832 1337 ,

415 1352 671 1417 qualesque
693 1362 945 1416 agerentur
965 1363 1211 1400 nocturnae
1232 1352 1416 1416 vigiliae.
1618 1355 1622 1357 ’

481 1430 538 1474 Et
571 1428 818 1493 praefatum
848 1429 1044 1493 quidem
1074 1428 1446 1493 Enghelbertum
1476 1445 1587 1478 cum
1609 1430 1836 1498 praedicto

416 1506 622 1553 Henrico
665 1506 726 1554 de
763 1506 983 1556 Nievelde
1020 1516 1068 1555 et
1099 1523 1156 1555 ea
1176 1545 1188 1568 ,
1229 1524 1376 1572 quam
1416 1506 1649 1570 diximus,
1688 1523 1836 1556 manu

416 1583 781 1632 Amersfordiam
811 1584 1089 1632 adventasse
1120 1601 1221 1632 non
1252 1585 1489 1648 ignoravit
1524 1585 1631 1650 pius
1677 1585 1836 1650 ponti-

417 1662 516 1723 fex;
556 1662 684 1709 unde
723 1662 924 1710 adscivit
957 1664 1142 1710 circiter
1179 1662 1398 1710 rutheros
1439 1662 1698 1724 ducentos,
1737 1679 1835 1728 quo

415 1740 578 1787 civitas
607 1741 754 1787 tutior
776 1728 1069 1789 redderetur.
1102 1743 1158 1788 Et
1187 1755 1244 1788 ea
1273 1740 1437 1803 utique
1461 1756 1632 1787 manus
1666 1739 1727 1787 ad
1759 1749 1836 1787 tu-

415 1817 612 1864 tandam
644 1817 883 1864 civitatem
913 1817 1128 1864 sufficere
1163 1818 1420 1883 potuisset,
1451 1818 1488 1864 si
1519 1818 1838 1866 communita*

417 1904 463 1941 et
487 1910 573 1960 per
595 1910 764 1942 omnes
785 1894 941 1943 aditus
963 1895 1119 1960 platea
1140 1894 1365 1957 civitam,
1391 1910 1496 1959 quae
1517 1903 1586 1942 est
1609 1903 1719 1942 ante
1750 1894 1837 1943 do·

419 1990 552 2021 mum
587 1973 860 2021 consulatus
881 2010 894 2035 ,
925 1974 1081 2023 cincta
1110 1973 1271 2022 fuisset
1298 1972 1534 2039 repagulis
1569 1982 1615 2020 et
1648 1988 1839 2038 serpen-

417 2051 527 2097 tinis
544 2088 555 2109 ‚
581 2061 725 2115 prout
753 2067 859 2099 eam
880 2052 1049 2116 saepius
1068 2052 1285 2115 tyranni,
1313 2051 1549 2098 anteriore
1571 2067 1664 2098 suae
1682 2060 1839 2114 tyran-

419 2128 543 2174 nidis
574 2138 816 2194 tempore‚
846 2130 1118 2176 munierant
1134 2166 1147 2191 ‚
1176 2129 1251 2178 vel
1274 2129 1418 2175 etiam
1440 2128 1604 2192 vigiles
1622 2137 1771 2176 noctu
1787 2128 1837 2174 in

419 2205 680 2268 moenibus,
722 2206 932 2254 turribus
974 2217 1021 2254 et
1050 2207 1199 2273 portis
1239 2222 1441 2254 numero
1475 2201 1725 2253 sufficienti
1758 2222 1839 2253 ex-

419 2284 657 2331 stitissent.
686 2284 802 2345 Sed,
834 2284 981 2346 heus,
1021 2284 1146 2350 proh
1183 2280 1344 2332 dolor!
1385 2299 1473 2330 nec
1515 2282 1643 2331 dicta
1680 2279 1838 2348 platea

420 2360 709 2408 sufficienter
742 2361 858 2410 fulta
881 2362 1100 2427 praesidio
1117 2399 1130 2424 ,
1158 2378 1247 2409 nec
1270 2362 1321 2408 in
1348 2359 1519 2421 muris,
1549 2376 1633 2406 seu
1655 2360 1838 2408 incuria

419 2449 466 2486 et
496 2439 780 2504 negligentia
811 2441 987 2488 civium
1019 2440 1102 2504 qui
1126 2439 1266 2486 nimis
1288 2448 1463 2486 temere
1491 2448 1538 2485 et
1564 2438 1680 2486 falso
1703 2455 1837 2486 secu-

419 2518 605 2565 ritatem
639 2516 728 2564 sihi
759 2519 808 2564 in
840 2518 912 2565 sui
938 2516 1177 2583 pontificis
1196 2517 1441 2581 praesentia
1462 2516 1805 2582 promittebant
1820 2554 1833 2579 ,
1874 2578 1876 2580 ι

418 2613 501 2643 seu
537 2595 900 2658 malignantium
937 2593 1123 2658 fraude,
1161 2610 1366 2658 quorum
1405 2593 1562 2641 adhuc
1591 2592 1750 2659 plures
1787 2592 1838 2642 in

471 2711 509 2747 1.
540 2711 636 2746 Jean
656 2708 694 2745 11
713 2706 762 2745 de
780 2707 929 2746 eleves.

472 2772 511 2808 2.
543 2769 742 2808 Matthaeus
761 2771 867 2806 due-ts
882 2770 1056 2818 fratrem.

473 2835 509 2870 3.
541 2833 609 2872 Sic
627 2833 849 2881 Matthaeus3
870 2833 940 2869 sed
955 2845 1035 2868 cum
1056 2835 1202 2868 munita
1222 2840 1261 2867 et
1278 2831 1372 2868 dans
1389 2831 1424 2868 le
1444 2844 1517 2870 ms,
