2060 3392
474 297 551 334 264
1044 294 1294 333 APOLOGIA
1303 321 1316 340 ,

473 386 610 433 certis
651 384 924 433 differentiis
955 381 1303 447 componendis
1322 385 1360 444 ¹,
1408 383 1552 448 idque
1585 385 1728 433 etiam
1759 386 1886 436 idem

472 462 568 510 dux
591 461 817 510 Borbonii
855 461 950 507 suis
976 451 1140 507 litteris
1170 459 1258 506 sibi
1292 461 1612 509 intimandum
1652 475 1884 526 curasset,

469 555 642 603 rogans
676 548 728 585 ut
748 537 839 585 sibi
874 538 1038 584 locum
1058 537 1227 600 eligere
1261 537 1402 585 vellet
1434 538 1495 586 ad
1525 555 1670 603 quem
1691 540 1754 588 ad
1786 541 1887 606 ejus

468 616 590 664 soret
610 615 906 681 pra-‚sentiam
939 630 1209 662 accessurus
1222 650 1235 675 ‚
1271 614 1448 662 factum
1470 626 1541 663 est
1572 627 1627 663 ut
1649 634 1736 682 per
1757 617 1888 667 illus-

466 694 587 740 trem
646 691 946 740 Normanniae
997 689 1168 739 ducem
1186 729 1200 753 ,
1259 692 1515 758 oppidum,
1577 694 1655 741 cui
1707 711 1885 743 nomen

466 769 798 830 Locus-Veris,
834 785 925 833 pro
961 778 1199 816 conventu
1238 767 1570 833 hujuscemodi
1597 771 1885 820 celebrando

464 857 585 894 esset
616 846 870 907 delectum,
892 846 1085 911 diesque
1115 847 1240 894 inter
1263 863 1346 894 eos
1366 847 1616 897 condictus
1640 859 1688 896 et
1713 866 1884 916 accep-

463 934 613 983 tatus,
657 924 719 972 ad
758 940 901 988 quem
932 925 982 971 in
1021 940 1080 972 eo
1118 912 1228 972 loco
1254 924 1380 973 ultro
1411 926 1628 990 citroque
1650 926 1885 975 haberent

462 1001 734 1048 convenire.

526 1081 649 1125 Cum
679 1088 839 1126 autem
876 1079 938 1127 ab
969 1073 1142 1126 eodem
1179 1079 1304 1127 duce
1342 1080 1511 1128 illustri
1541 1082 1691 1146 rogati
1728 1092 1775 1129 et
1810 1098 1884 1130 re-

462 1154 621 1218 quisiti
661 1154 909 1202 fuissemus
946 1156 1042 1203 suis
1083 1156 1308 1205 interesse
1343 1157 1552 1205 consiliis
1583 1167 1630 1205 et
1674 1175 1787 1206 cum
1823 1175 1882 1206 eo

462 1230 521 1278 ad
551 1231 773 1279 eumdem
801 1232 964 1280 locum
988 1243 1164 1281 statuto
1196 1233 1274 1281 die
1310 1224 1568 1300 proficisci,
1609 1246 1796 1285 nostras
1826 1237 1883 1284 li-

459 1308 628 1356 benter
667 1310 729 1357 ad
770 1310 860 1357 sibi
906 1310 1272 1375 obsequendum
1316 1328 1486 1378 operas
1525 1313 1850 1380 impendimus
1866 1353 1879 1378 ,

460 1386 658 1433 scientes
683 1387 816 1451 quod
847 1389 913 1435 ita
954 1387 1056 1435 fieri
1086 1404 1168 1435 rex
1203 1405 1290 1454 per
1317 1388 1512 1454 publica
1537 1406 1623 1439 sua
1657 1391 1883 1440 mandata

460 1463 730 1528 imperarat.
767 1464 835 1512 Ad
866 1465 1048 1512 dictum
1075 1466 1235 1529 itaque
1273 1466 1435 1514 locum
1467 1469 1631 1516 omnia
1657 1485 1715 1516 ex
1750 1469 1882 1519 bona

458 1595 548 1647 gnie
565 1597 684 1647 Mgrs.
703 1595 758 1634 les
777 1595 1009 1635 chancellier
1022 1596 1254 1644 (Guillaume
1268 1599 1456 1636 Jouvenel
1475 1595 1542 1637 des
1563 1599 1729 1649 Ursins),
1746 1602 1880 1653 grant-

457 1657 612 1696 maistre
631 1657 765 1696 d'ostel
786 1658 1025 1707 (Charlesde
1046 1659 1208 1708 Melum,
1223 1660 1260 1698 le
1275 1659 1432 1699 bastard
1450 1661 1500 1699 de
1517 1660 1701 1700 Bourbon
1718 1671 1757 1702 et
1777 1677 1879 1703 mes-

457 1718 531 1756 sire
556 1718 774 1758 Guillaume
799 1721 1003 1768 Cousinot,
1031 1733 1080 1759 en
1111 1721 1306 1760 intencion
1327 1722 1440 1774 qu'ils
1469 1721 1763 1762 assemblassent
1785 1739 1881 1765 avec

457 1784 605 1823 mondit
622 1786 800 1838 seigneur
817 1787 974 1825 Charles
1002 1801 1103 1839 pour
1128 1787 1349 1841 besoigner,
1382 1789 1550 1828 traictier
1582 1798 1620 1828 et
1641 1791 1882 1842 appoinctier

457 1847 496 1884 es
509 1846 628 1885 dictes
646 1849 838 1890 matieres.
860 1867 876 1882 ι»
899 1851 1152 1888 Instructions
1166 1850 1232 1889 des
1247 1849 1542 1890 ambassadeurs
1563 1853 1733 1904 envoye'es
1754 1866 1826 1905 par
1844 1853 1880 1892 le

455 1909 514 1946 roi
540 1922 590 1947 au
611 1919 738 1948 comte
758 1910 806 1949 de
829 1911 1028 1950 Charolais
1048 1924 1096 1951 en
1116 1913 1271 1962 janvier
1296 1915 1417 1953 1466.
1442 1914 1650 1953 Collection
1664 1915 1737 1953 ‘des
1756 1915 1880 1955 docu-

457 1980 580 2010 ments
605 1971 765 2020 inedits,
786 1976 1011 2025 Melanges‚
1032 1983 1060 2014 t.
1083 1977 1140 2022 11,·
1157 1989 1197 2028 p.
1221 1977 1313 2016 430.

509 2036 547 2071 1.
578 2035 759 2073 Derniers
775 2035 886 2083 jours
916 2036 964 2075 de
983 2035 1187 2076 decembre
1209 2041 1331 2094 1465ς
1351 2041 1406 2078 Le
1437 2039 1511 2088 roi,
1535 2040 1707 2079 eci-ivam
1727 2040 1778 2079 de
1796 2041 1879 2079 cela

454 2109 506 2134 un
526 2097 622 2135 mois
644 2098 735 2149 plus
755 2098 839 2137 tard
866 2111 915 2138 au
932 2108 1058 2138 comte
1084 2100 1132 2139 de
1151 2100 1362 2149 charolais‚
1397 2103 1613 2154 pretendait
1631 2103 1729 2155 qu'il
1755 2103 1879 2142 s’etait

453 2159 515 2210 agi
548 2158 643 2197 dans
670 2168 767 2199 cette
794 2160 1019 2200 ambassade
1039 2163 1087 2201 de
1104 2165 1315 2203 constituer
1332 2178 1385 2203 un
1418 2165 1560 2203 nouvel
1577 2177 1750 2217 apanage
1767 2166 1790 2203 ὲ
1805 2178 1876 2204 son

454 2221 568 2268 frere,
588 2235 704 2274 parce
731 2236 808 2274 que
835 2223 987 2262 celui-ci
1012 2225 1065 2263 lui
1090 2227 1192 2264 avait
1211 2227 1362 2278 envoye‘
1380 2227 1462 2265 dire
1481 2230 1503 2266 a
1525 2227 1685 2266 Orleans
1709 2241 1782 2280 par
1804 2242 1875 2267 son

454 2281 589 2321 maitre
599 2284 743 2323 d’hotel
766 2302 784 2320 α
807 2299 883 2336 que
900 2287 1049 2324 c'estoit
1066 2296 1153 2340 trop
1173 2297 1283 2340 grant
1302 2289 1443 2341 charge
1455 2302 1556 2342 pour
1566 2289 1632 2340 luy
1643 2289 1696 2328 du
1713 2303 1809 2342 parys
1826 2291 1876 2330 de

451 2346 699 2394 Normandie,
718 2355 755 2384 et
776 2359 867 2398 que,
887 2348 919 2386 si
933 2349 1078 2387 c’estoit
1093 2362 1162 2388 son
1181 2351 1314 2402 plaisir
1329 2351 1378 2390 de
1397 2352 1451 2389 lui
1463 2350 1599 2390 bailler
1614 2353 1738 2390 aultre
1752 2366 1882 2408 appa-v

450 2406 561 2458 naige
578 2406 658 2446 bon
677 2416 715 2446 et
731 2410 983 2458 convenable,
1002 2412 1030 2450 il
1052 2425 1092 2450 se
1115 2413 1340 2465 departiroit
1357 2414 1592 2452 voulentiers
1611 2414 1660 2452 de
1679 2414 1716 2452 la
1734 2414 1874 2454 duchie

450 2469 499 2507 de
518 2471 764 2511 Normandie.
780 2489 796 2505 »ι
813 2473 908 2510 Mais
924 2474 960 2512 le
974 2475 1106 2526 prince
1123 2476 1246 2514 saisait
1265 2476 1348 2515 dire
1367 2477 1462 2515 dans
1482 2478 1519 2515 le
1535 2478 1662 2516 meme
1681 2473 1806 2531 temps
1823 2491 1873 2517 au

446 2539 571 2569 comte
593 2532 643 2569 de
664 2533 859 2572 Charolais
876 2549 952 2586 que
970 2545 1068 2575 cette
1090 2539 1302 2589 pretendue
1324 2540 1602 2587 renonciation,
1626 2539 1722 2579 dont
1745 2541 1782 2580 le
1812 2543 1872 2580 roi

397 2599 399 2602 ’
445 2593 549 2630 avait
562 2593 629 2631 fait
645 2595 835 2646 repandre
854 2597 890 2634 le
906 2597 1007 2635 bruit
1025 2608 1195 2649 partout,
1212 2614 1262 2639 ne
1280 2602 1448 2652 reposait
1463 2615 1540 2653 que
1555 2615 1622 2640 sur
1639 2603 1708 2641 des
1726 2616 1870 2658 propos

444 2655 697 2706 perfide-ment
721 2657 900 2696 denatur'
885 2672 924 2697 es
942 2673 1041 2711 pour
1061 2660 1246 2701 brouiller
1264 2664 1318 2701 les
1337 2663 1789 2704 affaires.1)ocuments
1778 2679 1869 2704 me-

443 2718 536 2765 diis,
561 2719 587 2757 l.
609 2732 644 2757 c.
652 2728 722 2768 ,et
746 2721 799 2758 les
829 2734 993 2773 preuves
1021 2723 1069 2761 de
1096 2726 1145 2763 D.
1172 2726 1316 2764 Morice
1335 2728 1357 2763 a
1377 2727 1401 2764 l'
1406 2730 1571 2765 Histoire
1588 2730 1637 2765 de
1655 2732 1891 2780 Bretagne,

443 2786 471 2816 t.
494 2780 572 2826 111,
594 2793 635 2831 p.
655 2782 747 2820 126.
