2060 3392
481 313 558 352 248
1037 313 1291 352 APOLOGIA
1306 342 1317 361 ‚

482 387 677 464 quidem
699 402 939 448 succincto
973 400 1202 466 brevique
1230 418 1450 449 sermone
1465 440 1478 463 ‚
1518 418 1629 451 nam
1652 392 1812 452 multis
1831 395 1892 454 ad

478 478 707 526 christum
728 479 922 526 Domini
944 478 1193 525 visendum
1216 489 1262 526 et
1294 480 1468 544 pariter
1497 468 1893 531 consalutandum

476 573 534 604 ex
565 556 705 603 variis
737 555 948 618 undique
980 555 1252 618 regionibus
1289 556 1662 618 confluentibuS‚
1692 558 1893 609 difficilis

477 643 524 682 et
549 649 654 682 rara
673 623 913 679 audientia
933 632 1148 698 plurimis
1169 633 1492 698 praestabatur.
1821 697 1826 701 ⁵

546 711 757 757 Primum
786 719 888 757 erat
911 719 985 770 ut,
1011 711 1264 758 calamitati
1286 712 1576 777 populorum
1594 713 1738 761 totius
1759 715 1892 778 regni

476 786 549 832 sui
570 785 886 850 compatiens,
911 786 1020 850 qui,
1046 786 1111 833 ob
1131 785 1227 833 hoc
1247 787 1379 850 quod
1397 797 1496 834 tam
1518 788 1754 836 diuturnis
1773 799 1891 836 tem-

476 861 675 926 poribus
693 863 943 910 occasione
967 862 1205 910 bellorum
1235 865 1451 911 militiam
1479 866 1619 912 simul
1649 875 1696 912 et
1729 865 1893 914 imma-

475 940 555 986 nia
590 939 766 986 tributa
795 940 1050 988 tolerarant
1091 951 1138 988 et
1177 941 1335 988 adhuc
1374 951 1477 988 tum
1519 942 1810 1005 tolerabant,
1841 943 1891 990 in

474 1016 827 1065 lamentabilem
859 1019 1145 1083 paucitatem
1178 1029 1223 1066 et
1254 1030 1512 1068 extremam
1544 1037 1678 1085 paene
1715 1037 1889 1087 paupe-

474 1095 615 1155 riem,
658 1097 950 1144 anteriorum
990 1098 1348 1162 comparatione
1381 1108 1674 1163 temporum,
1715 1099 1892 1146 redacti

475 1182 625 1233 erant,
647 1190 730 1220 eos
750 1174 947 1237 hujusce
965 1175 1246 1237 gravissimis
1265 1174 1492 1222 oneribus
1509 1175 1718 1222 relevare
1733 1176 1887 1223 vellet.

539 1251 830 1310 Secundum,
852 1262 905 1298 ut
918 1251 1106 1315 justitiae
1119 1252 1300 1298 cultum
1313 1261 1361 1299 et
1382 1251 1734 1300 observantiam
1751 1263 1892 1318 atque

474 1327 717 1389 ordinem,
750 1338 846 1376 tam
871 1330 920 1374 in
943 1329 1176 1393 supremis
1208 1345 1354 1393 quam
1374 1329 1424 1376 in
1450 1330 1552 1377 aliis
1583 1323 1890 1395 quibuscum*-

474 1421 568 1468 que
598 1405 739 1452 curiis
761 1416 808 1452 et
835 1405 1151 1453 tribunalibus
1175 1407 1307 1478 regni
1331 1407 1431 1466 sui,
1467 1407 1517 1452 in
1542 1406 1716 1471 quibus
1746 1407 1892 1455 ferme

476 1483 700 1530 omnibus
722 1484 891 1549 dilapsi
913 1495 960 1531 et
977 1485 1192 1532 exstincti
1213 1495 1365 1544 erant,
1383 1486 1433 1531 in
1455 1486 1702 1532 meliorem
1717 1496 1892 1535 statum

474 1570 521 1607 et
537 1560 740 1608 formam
761 1561 1019 1608 reformare
1039 1572 1180 1625 atque
1199 1561 1515 1623 redintegrare
1533 1561 1756 1608 studeret.
1802 1586 1804 1589 r

540 1639 725 1698 Quibus
738 1639 928 1687 duobus
946 1640 1011 1691 sic
1032 1640 1280 1705 perstricto
1303 1654 1522 1686 sermone
1541 1639 1630 1686 sibi
1649 1640 1886 1704 expositis,

473 1718 642 1780 gratias
663 1726 858 1780 magnas
879 1734 928 1764 se
945 1716 1086 1764 nobis
1105 1716 1282 1764 habere
1299 1716 1426 1764 illico
1444 1717 1704 1782 respondit.
1730 1716 1892 1766 Aiebat

472 1802 645 1860 nempe
675 1805 723 1842 et
743 1794 1013 1844 affirmabat
1034 1811 1083 1842 se
1105 1795 1164 1842 de
1184 1794 1260 1841 his
1280 1793 1422 1840 rebus
1449 1811 1535 1859 per
1565 1810 1654 1841 nos
1676 1811 1890 1842 commo-

471 1874 626 1919 nitum
640 1910 652 1934 ,
690 1889 808 1936 quas
840 1889 936 1938 prae
963 1873 1146 1919 cunctis
1163 1871 1306 1918 rebus
1324 1870 1666 1935 temporalibus
1689 1872 1891 1937 amplius

468 1949 697 2015 perficere
731 1959 925 2015 cuperet
960 1959 1007 1996 et
1039 1948 1299 2010 affectaret,
1352 1949 1629 2012 nullamque
1662 1965 1765 1995 rem
1800 1948 1890 1996 sibi

469 2044 607 2092 posse
638 2028 812 2090 gratius
836 2027 1016 2088 afferri,
1042 2043 1131 2073 nec
1153 2042 1256 2090 quae
1290 2027 1438 2072 menti
1466 2042 1560 2073 suae
1582 2035 1723 2090 atque
1761 2027 1888 2073 auriss

468 2105 561 2152 bus
580 2104 839 2168 jucundior
871 2113 1014 2168 atque
1045 2104 1235 2150 suavior
1273 2103 1495 2150 insonare
1530 2113 1709 2167 posset,
1743 2107 1888 2166 quam

469 2181 553 2228 ubi
585 2181 644 2227 de
666 2179 853 2228 duabus
880 2179 1210 2242 hujuscemodi
1240 2179 1382 2226 rebus
1411 2178 1653 2243 patrandis
1675 2189 1722 2226 et
1750 2179 1889 2244 perfi-

469 2258 649 2305 ciendis
683 2257 1015 2304 adhortaretur
1047 2266 1188 2320 atque
1219 2265 1627 2316 commoneretur,
1669 2255 1889 2304 videlicet

416 2391 421 2400 ι
469 2336 529 2383 de
575 2336 831 2383 relevando
866 2336 1101 2400 populum
1145 2334 1278 2397 regni
1324 2334 1395 2380 sui
1440 2343 1686 2397 totumque
1731 2335 1887 2398 ipsum

469 2429 670 2476 regnum
693 2413 755 2460 ab
778 2413 867 2459 illis
893 2411 1238 2460 miserabilibus
1257 2411 1477 2458 aerumnis
1501 2420 1548 2456 et
1570 2411 1888 2475 oppressioni-

467 2491 560 2538 bus
581 2490 757 2538 militiae
776 2501 823 2538 et
837 2490 1125 2537 tributorum
1137 2526 1150 2550 ‚
1172 2498 1543 2551 caeterorumque
1560 2489 1887 2550 gravaminum

469 2580 516 2616 et
539 2569 958 2616 incommodorum
980 2583 1085 2631 quae
1106 2565 1218 2612 inde
1241 2564 1420 2611 oboriri
1447 2565 1623 2625 solent,
1651 2576 1697 2612 et
1720 2566 1770 2612 in
1801 2582 1886 2614 an-

468 2648 622 2711 tiquas
661 2647 859 2709 gloriam
875 2683 887 2706 ‚
932 2645 1172 2691 libertates
1214 2653 1355 2706 atque
1397 2643 1689 2707 opulentiam
1729 2644 1885 2708 ipsum

467 2724 758 2772 restituendo
795 2734 935 2786 atque
969 2720 1300 2782 instaurando,
1338 2736 1394 2766 ac
1429 2720 1489 2767 de
1523 2720 1685 2767 debito
1717 2721 1885 2769 ordine

467 2805 624 2868 legum
646 2812 694 2850 et
709 2803 897 2867 justitiae
921 2799 1230 2849 instaurando
1247 2809 1388 2863 atque
1410 2799 1733 2847 reformando.
1758 2799 1885 2847 Refe*
