<?xml version="1.0" encoding="UTF-8"?>
<!DOCTYPE html PUBLIC "-//W3C//DTD XHTML 1.0 Transitional//EN"
    "http://www.w3.org/TR/xhtml1/DTD/xhtml1-transitional.dtd">
<html xmlns="http://www.w3.org/1999/xhtml" xml:lang="en" lang="en">
 <head>
  <title>
</title>
<meta http-equiv="Content-Type" content="text/html;charset=utf-8" />
  <meta name='ocr-system' content='tesseract 3.04.00' />
  <meta name='ocr-capabilities' content='ocr_page ocr_carea ocr_par ocr_line ocrx_word'/>
</head>
<body>
  <div class='ocr_page' id='page_1' title='image "./histoiredesrgn03basiuoft_0387.png"; bbox 0 0 2060 3392; ppageno 0'>
   <div class='ocr_carea' id='block_1_1' title="bbox 625 298 1519 339">
    <p class='ocr_par' dir='ltr' id='par_1_1' title="bbox 625 298 1519 339">
     <span class='ocr_line' id='line_1_1' title="bbox 625 298 1519 339; baseline 0.004 -5"><span class='ocrx_word' id='word_1_1' title='bbox 625 298 772 335; x_wconf 84' lang='lat' dir='ltr'>LIBER</span> <span class='ocrx_word' id='word_1_2' title='bbox 810 298 1008 337; x_wconf 80' lang='lat' dir='ltr'><strong>PmMUS.</strong></span> <span class='ocrx_word' id='word_1_3' title='bbox 1444 302 1519 339; x_wconf 84' lang='lat'><strong>337</strong></span> 
     </span>
    </p>
   </div>
   <div class='ocr_carea' id='block_1_2' title="bbox 109 385 1527 686">
    <p class='ocr_par' dir='ltr' id='par_1_2' title="bbox 109 385 1527 686">
     <span class='ocr_line' id='line_1_2' title="bbox 110 385 1522 451; baseline 0.004 -18"><span class='ocrx_word' id='word_1_4' title='bbox 110 385 186 433; x_wconf 86' lang='lat' dir='ltr'><strong>vel</strong></span> <span class='ocrx_word' id='word_1_5' title='bbox 202 385 416 451; x_wconf 83' lang='lat' dir='ltr'><strong>periculi.</strong></span> <span class='ocrx_word' id='word_1_6' title='bbox 441 387 579 446; x_wconf 80' lang='lat' dir='ltr'><strong>Nam,</strong></span> <span class='ocrx_word' id='word_1_7' title='bbox 602 394 655 432; x_wconf 89' lang='lat' dir='ltr'><strong>ut</strong></span> <span class='ocrx_word' id='word_1_8' title='bbox 670 385 906 434; x_wconf 89' lang='lat' dir='ltr'>Dominus</span> <span class='ocrx_word' id='word_1_9' title='bbox 925 386 1007 448; x_wconf 87' lang='lat' dir='ltr'><strong>ait,</strong></span> <span class='ocrx_word' id='word_1_10' title='bbox 1027 386 1258 435; x_wconf 82' lang='lat' dir='ltr'><strong>Johannis</strong></span> <span class='ocrx_word' id='word_1_11' title='bbox 1279 391 1340 435; x_wconf 75' lang='lat' dir='ltr'><strong>X&#39;</strong></span> <span class='ocrx_word' id='word_1_12' title='bbox 1359 406 1369 435; x_wconf 74' lang='grc' dir='ltr'><strong><em>ε</em></strong></span> <span class='ocrx_word' id='word_1_13' title='bbox 1394 409 1416 433; x_wconf 84' lang='grc' dir='ltr'><strong>α</strong></span> <span class='ocrx_word' id='word_1_14' title='bbox 1441 390 1522 438; x_wconf 88' lang='lat' dir='ltr'><strong>Ille</strong></span> 
     </span>
     <span class='ocr_line' id='line_1_3' title="bbox 109 462 1525 531; baseline 0.003 -21"><span class='ocrx_word' id='word_1_15' title='bbox 109 472 180 510; x_wconf 91' lang='lat' dir='ltr'><strong>est</strong></span> <span class='ocrx_word' id='word_1_16' title='bbox 199 462 520 511; x_wconf 71' lang='lat' dir='ltr'>mercenarius</span> <span class='ocrx_word' id='word_1_17' title='bbox 539 471 587 510; x_wconf 89' lang='lat' dir='ltr'><strong>et</strong></span> <span class='ocrx_word' id='word_1_18' title='bbox 607 478 706 510; x_wconf 90' lang='lat' dir='ltr'><strong>non</strong></span> <span class='ocrx_word' id='word_1_19' title='bbox 727 472 906 528; x_wconf 87' lang='lat' dir='ltr'><strong>pastor,</strong></span> <span class='ocrx_word' id='word_1_20' title='bbox 932 464 1037 528; x_wconf 91' lang='lat' dir='ltr'><strong>qui,</strong></span> <span class='ocrx_word' id='word_1_21' title='bbox 1062 464 1228 512; x_wconf 86' lang='lat' dir='ltr'><strong>videns</strong></span> <span class='ocrx_word' id='word_1_22' title='bbox 1249 465 1419 531; x_wconf 91' lang='lat' dir='ltr'><strong>lupum</strong></span> <span class='ocrx_word' id='word_1_23' title='bbox 1442 483 1525 514; x_wconf 86' lang='lat' dir='ltr'><strong>ve-</strong></span> 
     </span>
     <span class='ocr_line' id='line_1_4' title="bbox 110 539 1525 607; baseline 0.004 -20"><span class='ocrx_word' id='word_1_24' title='bbox 110 540 321 588; x_wconf 88' lang='lat' dir='ltr'><strong>nientem</strong></span> <span class='ocrx_word' id='word_1_25' title='bbox 335 576 348 598; x_wconf 89' lang='lat'>‚</span> <span class='ocrx_word' id='word_1_26' title='bbox 381 539 575 587; x_wconf 88' lang='lat' dir='ltr'><strong>dimittit</strong></span> <span class='ocrx_word' id='word_1_27' title='bbox 608 555 722 587; x_wconf 84' lang='lat' dir='ltr'><strong>oves</strong></span> <span class='ocrx_word' id='word_1_28' title='bbox 750 548 797 587; x_wconf 89' lang='lat' dir='ltr'><strong>et</strong></span> <span class='ocrx_word' id='word_1_29' title='bbox 825 539 958 603; x_wconf 88' lang='lat' dir='ltr'><strong>fugit.</strong></span> <span class='ocrx_word' id='word_1_30' title='bbox 989 560 1012 586; x_wconf 78' lang='lat' dir='ltr'><em>n</em></span> <span class='ocrx_word' id='word_1_31' title='bbox 1048 542 1201 607; x_wconf 86' lang='lat' dir='ltr'><strong>Super</strong></span> <span class='ocrx_word' id='word_1_32' title='bbox 1229 557 1327 606; x_wconf 92' lang='lat' dir='ltr'><strong>quo</strong></span> <span class='ocrx_word' id='word_1_33' title='bbox 1356 542 1525 592; x_wconf 90' lang='lat' dir='ltr'><strong>beatus</strong></span> 
     </span>
     <span class='ocr_line' id='line_1_5' title="bbox 109 605 1527 686; baseline 0.004 -22"><span class='ocrx_word' id='word_1_34' title='bbox 109 605 366 680; x_wconf 86' lang='lat' dir='ltr'><strong>Gregorius</strong></span> <span class='ocrx_word' id='word_1_35' title='bbox 380 654 393 678; x_wconf 88' lang='lat'><strong>,</strong></span> <span class='ocrx_word' id='word_1_36' title='bbox 427 617 477 663; x_wconf 92' lang='lat' dir='ltr'><strong>in</strong></span> <span class='ocrx_word' id='word_1_37' title='bbox 503 617 724 678; x_wconf 87' lang='lat' dir='ltr'><strong>homilia,</strong></span> <span class='ocrx_word' id='word_1_38' title='bbox 758 616 873 664; x_wconf 83' lang='lat' dir='ltr'><strong>dicit</strong></span> <span class='ocrx_word' id='word_1_39' title='bbox 909 617 1042 681; x_wconf 91' lang='lat' dir='ltr'><strong>quod</strong></span> <span class='ocrx_word' id='word_1_40' title='bbox 1068 618 1210 684; x_wconf 92' lang='lat' dir='ltr'><strong>lupus</strong></span> <span class='ocrx_word' id='word_1_41' title='bbox 1244 635 1387 686; x_wconf 89' lang='lat' dir='ltr'><strong>super</strong></span> <span class='ocrx_word' id='word_1_42' title='bbox 1413 637 1527 669; x_wconf 89' lang='lat' dir='ltr'><strong>oves</strong></span> 
     </span>
    </p>
   </div>
   <div class='ocr_carea' id='block_1_3' title="bbox 27 694 1528 763">
    <p class='ocr_par' dir='ltr' id='par_1_3' title="bbox 27 694 1528 763">
     <span class='ocr_line' id='line_1_6' title="bbox 27 694 1528 763; baseline 0.004 -22"><span class='ocrx_word' id='word_1_43' title='bbox 27 742 32 747; x_wconf 81' lang='grc'>,</span> <span class='ocrx_word' id='word_1_44' title='bbox 110 695 255 757; x_wconf 90' lang='lat' dir='ltr'><strong>venit,</strong></span> <span class='ocrx_word' id='word_1_45' title='bbox 281 711 392 742; x_wconf 91' lang='lat' dir='ltr'><strong>cum</strong></span> <span class='ocrx_word' id='word_1_46' title='bbox 417 694 616 759; x_wconf 88' lang='lat' dir='ltr'><strong>quilibet</strong></span> <span class='ocrx_word' id='word_1_47' title='bbox 638 695 839 758; x_wconf 91' lang='lat' dir='ltr'><strong>injustus</strong></span> <span class='ocrx_word' id='word_1_48' title='bbox 858 704 905 742; x_wconf 92' lang='lat' dir='ltr'><strong>et</strong></span> <span class='ocrx_word' id='word_1_49' title='bbox 931 705 1094 760; x_wconf 88' lang='lat' dir='ltr'><strong>raptor</strong></span> <span class='ocrx_word' id='word_1_50' title='bbox 1122 696 1285 744; x_wconf 85' lang='lat' dir='ltr'><strong>fideles</strong></span> <span class='ocrx_word' id='word_1_51' title='bbox 1312 714 1528 763; x_wconf 88' lang='lat' dir='ltr'><strong>quosque</strong></span> 
     </span>
    </p>
   </div>
   <div class='ocr_carea' id='block_1_4' title="bbox 95 771 1538 1380">
    <p class='ocr_par' dir='ltr' id='par_1_4' title="bbox 109 771 739 837">
     <span class='ocr_line' id='line_1_7' title="bbox 109 771 739 837; baseline 0.002 -19"><span class='ocrx_word' id='word_1_52' title='bbox 109 779 252 836; x_wconf 88' lang='lat' dir='ltr'><strong>atque</strong></span> <span class='ocrx_word' id='word_1_53' title='bbox 273 771 478 820; x_wconf 88' lang='lat' dir='ltr'><strong>humiles</strong></span> <span class='ocrx_word' id='word_1_54' title='bbox 498 772 739 837; x_wconf 90' lang='lat' dir='ltr'><strong>opprimit.</strong></span> 
     </span>
    </p>

    <p class='ocr_par' dir='ltr' id='par_1_5' title="bbox 95 848 1538 1380">
     <span class='ocr_line' id='line_1_8' title="bbox 175 848 1532 917; baseline 0.004 -21"><span class='ocrx_word' id='word_1_55' title='bbox 175 848 269 896; x_wconf 85' lang='lat' dir='ltr'><strong>Sed</strong></span> <span class='ocrx_word' id='word_1_56' title='bbox 287 848 380 897; x_wconf 90' lang='lat' dir='ltr'><strong>hac</strong></span> <span class='ocrx_word' id='word_1_57' title='bbox 401 848 669 914; x_wconf 90' lang='lat' dir='ltr'><strong>objectione</strong></span> <span class='ocrx_word' id='word_1_58' title='bbox 696 865 797 896; x_wconf 91' lang='lat' dir='ltr'><strong>non</strong></span> <span class='ocrx_word' id='word_1_59' title='bbox 822 848 1041 897; x_wconf 89' lang='lat' dir='ltr'><strong>obstante</strong></span> <span class='ocrx_word' id='word_1_60' title='bbox 1064 850 1391 917; x_wconf 84' lang='lat' dir='ltr'><strong>similibusque</strong></span> <span class='ocrx_word' id='word_1_61' title='bbox 1421 870 1532 902; x_wconf 90' lang='lat' dir='ltr'><strong>auc-</strong></span> 
     </span>
     <span class='ocr_line' id='line_1_9' title="bbox 107 925 1533 991; baseline 0.004 -17"><span class='ocrx_word' id='word_1_62' title='bbox 107 925 378 975; x_wconf 81' lang='lat' dir='ltr'><strong>toritatibus</strong></span> <span class='ocrx_word' id='word_1_63' title='bbox 397 927 472 975; x_wconf 82' lang='lat' dir='ltr'><strong>vel</strong></span> <span class='ocrx_word' id='word_1_64' title='bbox 494 927 800 991; x_wconf 84' lang='lat' dir='ltr'><strong>argumentis,</strong></span> <span class='ocrx_word' id='word_1_65' title='bbox 825 943 929 991; x_wconf 87' lang='lat' dir='ltr'><strong>quae</strong></span> <span class='ocrx_word' id='word_1_66' title='bbox 951 928 1000 974; x_wconf 93' lang='lat' dir='ltr'><strong>in</strong></span> <span class='ocrx_word' id='word_1_67' title='bbox 1023 927 1116 976; x_wconf 91' lang='lat' dir='ltr'><strong>hac</strong></span> <span class='ocrx_word' id='word_1_68' title='bbox 1137 931 1334 977; x_wconf 88' lang='lat' dir='ltr'><strong>materia</strong></span> <span class='ocrx_word' id='word_1_69' title='bbox 1358 930 1533 979; x_wconf 90' lang='lat' dir='ltr'><strong>adduci</strong></span> 
     </span>
     <span class='ocr_line' id='line_1_10' title="bbox 95 1000 1533 1071; baseline 0.003 -20"><span class='ocrx_word' id='word_1_70' title='bbox 95 1000 328 1071; x_wconf 82' lang='lat' dir='ltr'><strong>possunt,</strong></span> <span class='ocrx_word' id='word_1_71' title='bbox 355 1021 383 1052; x_wconf 93' lang='lat' dir='ltr'><strong>e</strong></span> <span class='ocrx_word' id='word_1_72' title='bbox 406 1004 580 1070; x_wconf 90' lang='lat' dir='ltr'><strong>quibus</strong></span> <span class='ocrx_word' id='word_1_73' title='bbox 612 1005 869 1053; x_wconf 87' lang='lat' dir='ltr'><strong>nonnullas</strong></span> <span class='ocrx_word' id='word_1_74' title='bbox 893 1005 1089 1053; x_wconf 88' lang='lat' dir='ltr'><strong>adducit</strong></span> <span class='ocrx_word' id='word_1_75' title='bbox 1108 1008 1290 1054; x_wconf 88' lang='lat' dir='ltr'><strong>Doctor</strong></span> <span class='ocrx_word' id='word_1_76' title='bbox 1320 1019 1533 1056; x_wconf 84' lang='lat' dir='ltr'><strong>sanctus¹</strong></span> 
     </span>
     <span class='ocr_line' id='line_1_11' title="bbox 110 1081 1535 1146; baseline 0.004 -18"><span class='ocrx_word' id='word_1_77' title='bbox 110 1081 160 1128; x_wconf 90' lang='lat' dir='ltr'><strong>in</strong></span> <span class='ocrx_word' id='word_1_78' title='bbox 177 1081 401 1130; x_wconf 87' lang='lat' dir='ltr'><strong>Secunda</strong></span> <span class='ocrx_word' id='word_1_79' title='bbox 426 1081 671 1143; x_wconf 76' lang='lat' dir='ltr'><strong>Secundae,</strong></span> <span class='ocrx_word' id='word_1_80' title='bbox 700 1091 864 1146; x_wconf 83' lang='lat' dir='ltr'><strong>quaest.</strong></span> <span class='ocrx_word' id='word_1_81' title='bbox 894 1083 1005 1145; x_wconf 83' lang='grc'><strong>181,</strong></span> <span class='ocrx_word' id='word_1_82' title='bbox 1032 1093 1120 1131; x_wconf 89' lang='lat' dir='ltr'><strong>art.</strong></span> <span class='ocrx_word' id='word_1_83' title='bbox 1158 1085 1185 1130; x_wconf 92' lang='lat'>5</span> <span class='ocrx_word' id='word_1_84' title='bbox 1202 1121 1214 1144; x_wconf 93' lang='lat'>‚</span> <span class='ocrx_word' id='word_1_85' title='bbox 1241 1084 1399 1132; x_wconf 93' lang='lat' dir='ltr'><strong>nullus</strong></span> <span class='ocrx_word' id='word_1_86' title='bbox 1419 1101 1535 1134; x_wconf 89' lang='lat' dir='ltr'><strong>sana</strong></span> 
     </span>
     <span class='ocr_line' id='line_1_12' title="bbox 110 1158 1535 1227; baseline 0.002 -21"><span class='ocrx_word' id='word_1_87' title='bbox 110 1167 270 1206; x_wconf 90' lang='lat' dir='ltr'><strong>mente</strong></span> <span class='ocrx_word' id='word_1_88' title='bbox 292 1158 462 1206; x_wconf 86' lang='lat' dir='ltr'><strong>dixerit</strong></span> <span class='ocrx_word' id='word_1_89' title='bbox 482 1159 599 1223; x_wconf 90' lang='lat' dir='ltr'><strong>quin</strong></span> <span class='ocrx_word' id='word_1_90' title='bbox 630 1159 933 1224; x_wconf 81' lang='lat' dir='ltr'><strong>aliquotiens,</strong></span> <span class='ocrx_word' id='word_1_91' title='bbox 970 1160 1033 1208; x_wconf 91' lang='lat' dir='ltr'><strong>ad</strong></span> <span class='ocrx_word' id='word_1_92' title='bbox 1061 1160 1398 1209; x_wconf 85' lang='lat' dir='ltr'><strong>declinandam</strong></span> <span class='ocrx_word' id='word_1_93' title='bbox 1427 1179 1535 1227; x_wconf 90' lang='lat' dir='ltr'><strong>per-</strong></span> 
     </span>
     <span class='ocr_line' id='line_1_13' title="bbox 111 1235 1535 1304; baseline 0.003 -21"><span class='ocrx_word' id='word_1_94' title='bbox 111 1235 405 1285; x_wconf 89' lang='lat' dir='ltr'><strong>secutionem</strong></span> <span class='ocrx_word' id='word_1_95' title='bbox 425 1245 742 1300; x_wconf 84' lang='lat' dir='ltr'><strong>tyrannorum</strong></span> <span class='ocrx_word' id='word_1_96' title='bbox 757 1245 840 1283; x_wconf 88' lang='lat' dir='ltr'><strong>aut</strong></span> <span class='ocrx_word' id='word_1_97' title='bbox 860 1236 1134 1301; x_wconf 90' lang='lat' dir='ltr'><strong>impiorum,</strong></span> <span class='ocrx_word' id='word_1_98' title='bbox 1155 1237 1294 1286; x_wconf 89' lang='lat' dir='ltr'><strong>liceat</strong></span> <span class='ocrx_word' id='word_1_99' title='bbox 1308 1239 1535 1304; x_wconf 89' lang='lat' dir='ltr'><strong>episcopo</strong></span> 
     </span>
     <span class='ocr_line' id='line_1_14' title="bbox 111 1313 1538 1380; baseline 0.003 -20"><span class='ocrx_word' id='word_1_100' title='bbox 111 1313 422 1378; x_wconf 86' lang='lat' dir='ltr'><strong>corporaliter</strong></span> <span class='ocrx_word' id='word_1_101' title='bbox 441 1330 630 1377; x_wconf 87' lang='lat' dir='ltr'><strong>gregem</strong></span> <span class='ocrx_word' id='word_1_102' title='bbox 647 1314 878 1375; x_wconf 87' lang='lat' dir='ltr'><strong>deserere,</strong></span> <span class='ocrx_word' id='word_1_103' title='bbox 894 1314 1092 1378; x_wconf 86' lang='lat' dir='ltr'><strong>quando</strong></span> <span class='ocrx_word' id='word_1_104' title='bbox 1111 1331 1139 1362; x_wconf 94' lang='lat' dir='ltr'><strong>a</strong></span> <span class='ocrx_word' id='word_1_105' title='bbox 1154 1315 1538 1380; x_wconf 84' lang='lat' dir='ltr'><strong>persecutoribus</strong></span> 
     </span>
    </p>
   </div>
   <div class='ocr_carea' id='block_1_5' title="bbox 111 1389 1538 1529">
    <p class='ocr_par' dir='ltr' id='par_1_6' title="bbox 111 1389 1538 1529">
     <span class='ocr_line' id='line_1_15' title="bbox 111 1389 1538 1458; baseline 0.003 -21"><span class='ocrx_word' id='word_1_106' title='bbox 111 1390 376 1455; x_wconf 85' lang='lat' dir='ltr'><strong>specialiter</strong></span> <span class='ocrx_word' id='word_1_107' title='bbox 402 1391 643 1455; x_wconf 67' lang='lat' dir='ltr'><strong>quaeritur,</strong></span> <span class='ocrx_word' id='word_1_108' title='bbox 670 1400 718 1438; x_wconf 89' lang='lat' dir='ltr'><strong>et</strong></span> <span class='ocrx_word' id='word_1_109' title='bbox 740 1389 801 1437; x_wconf 94' lang='lat' dir='ltr'><strong>de</strong></span> <span class='ocrx_word' id='word_1_110' title='bbox 824 1389 936 1438; x_wconf 87' lang='lat' dir='ltr'><strong>fidei</strong></span> <span class='ocrx_word' id='word_1_111' title='bbox 957 1390 1268 1439; x_wconf 85' lang='lat' dir='ltr'><strong>subversione</strong></span> <span class='ocrx_word' id='word_1_112' title='bbox 1289 1393 1365 1440; x_wconf 81' lang='lat' dir='ltr'><strong>vel</strong></span> <span class='ocrx_word' id='word_1_113' title='bbox 1386 1394 1538 1458; x_wconf 88' lang='lat' dir='ltr'><strong>gregis</strong></span> 
     </span>
     <span class='ocr_line' id='line_1_16' title="bbox 114 1463 1538 1529; baseline 0.002 -17"><span class='ocrx_word' id='word_1_114' title='bbox 114 1464 263 1512; x_wconf 83' lang='lat' dir='ltr'><strong>salute</strong></span> <span class='ocrx_word' id='word_1_115' title='bbox 303 1481 404 1512; x_wconf 89' lang='lat' dir='ltr'><strong>non</strong></span> <span class='ocrx_word' id='word_1_116' title='bbox 439 1465 649 1525; x_wconf 87' lang='lat' dir='ltr'><strong>timetur,</strong></span> <span class='ocrx_word' id='word_1_117' title='bbox 689 1463 957 1512; x_wconf 93' lang='lat' dir='ltr'><strong>dummodo</strong></span> <span class='ocrx_word' id='word_1_118' title='bbox 991 1480 1078 1529; x_wconf 91' lang='lat' dir='ltr'><strong>per</strong></span> <span class='ocrx_word' id='word_1_119' title='bbox 1114 1465 1263 1513; x_wconf 83' lang='lat' dir='ltr'><strong>alium</strong></span> <span class='ocrx_word' id='word_1_120' title='bbox 1296 1483 1381 1514; x_wconf 89' lang='lat' dir='ltr'><strong>seu</strong></span> <span class='ocrx_word' id='word_1_121' title='bbox 1418 1467 1538 1515; x_wconf 81' lang='lat' dir='ltr'><strong>alios</strong></span> 
     </span>
    </p>
   </div>
   <div class='ocr_carea' id='block_1_6' title="bbox 45 1539 1560 2693">
    <p class='ocr_par' dir='ltr' id='par_1_7' title="bbox 45 1539 1560 2693">
     <span class='ocr_line' id='line_1_17' title="bbox 112 1539 1538 1608; baseline 0.001 -18"><span class='ocrx_word' id='word_1_122' title='bbox 112 1542 241 1606; x_wconf 86' lang='lat' dir='ltr'><strong>gregi</strong></span> <span class='ocrx_word' id='word_1_123' title='bbox 262 1541 570 1608; x_wconf 87' lang='lat' dir='ltr'><strong>provideatur</strong></span> <span class='ocrx_word' id='word_1_124' title='bbox 590 1539 879 1589; x_wconf 74' lang='lat' dir='ltr'><strong>sufficienter</strong></span> <span class='ocrx_word' id='word_1_125' title='bbox 896 1542 1024 1590; x_wconf 88' lang='lat' dir='ltr'><strong>circa</strong></span> <span class='ocrx_word' id='word_1_126' title='bbox 1044 1559 1101 1591; x_wconf 93' lang='grc'><strong>03</strong></span> <span class='ocrx_word' id='word_1_127' title='bbox 1126 1559 1232 1607; x_wconf 85' lang='lat' dir='ltr'><strong>quae</strong></span> <span class='ocrx_word' id='word_1_128' title='bbox 1251 1543 1315 1592; x_wconf 90' lang='lat' dir='ltr'><strong>ad</strong></span> <span class='ocrx_word' id='word_1_129' title='bbox 1337 1544 1538 1593; x_wconf 86' lang='lat' dir='ltr'><strong>salutem</strong></span> 
     </span>
     <span class='ocr_line' id='line_1_18' title="bbox 111 1620 1538 1687; baseline 0.001 -18"><span class='ocrx_word' id='word_1_130' title='bbox 111 1630 223 1669; x_wconf 89' lang='lat' dir='ltr'><strong>sunt</strong></span> <span class='ocrx_word' id='word_1_131' title='bbox 266 1621 545 1669; x_wconf 86' lang='lat' dir='ltr'><strong>necessaria.</strong></span> <span class='ocrx_word' id='word_1_132' title='bbox 590 1623 694 1668; x_wconf 92' lang='lat' dir='ltr'><strong>Hoc</strong></span> <span class='ocrx_word' id='word_1_133' title='bbox 732 1620 863 1668; x_wconf 90' lang='lat' dir='ltr'><strong>enim</strong></span> <span class='ocrx_word' id='word_1_134' title='bbox 900 1620 966 1667; x_wconf 85' lang='lat' dir='ltr'><strong>ita</strong></span> <span class='ocrx_word' id='word_1_135' title='bbox 1001 1637 1219 1687; x_wconf 83' lang='lat' dir='ltr'><strong>expresse</strong></span> <span class='ocrx_word' id='word_1_136' title='bbox 1254 1621 1538 1670; x_wconf 87' lang='lat' dir='ltr'><strong>determinat</strong></span> 
     </span>
     <span class='ocr_line' id='line_1_19' title="bbox 111 1696 1538 1764; baseline 0.001 -18"><span class='ocrx_word' id='word_1_137' title='bbox 111 1697 280 1746; x_wconf 90' lang='lat' dir='ltr'><strong>beatus</strong></span> <span class='ocrx_word' id='word_1_138' title='bbox 298 1699 585 1764; x_wconf 88' lang='lat' dir='ltr'><strong>Augustinus</strong></span> <span class='ocrx_word' id='word_1_139' title='bbox 599 1698 651 1744; x_wconf 92' lang='lat' dir='ltr'><strong>in</strong></span> <span class='ocrx_word' id='word_1_140' title='bbox 663 1696 864 1761; x_wconf 88' lang='lat' dir='ltr'><strong>epistola</strong></span> <span class='ocrx_word' id='word_1_141' title='bbox 876 1696 939 1743; x_wconf 89' lang='lat' dir='ltr'><strong>ad</strong></span> <span class='ocrx_word' id='word_1_142' title='bbox 958 1699 1277 1760; x_wconf 86' lang='lat' dir='ltr'><strong>Honoratum,</strong></span> <span class='ocrx_word' id='word_1_143' title='bbox 1293 1709 1341 1745; x_wconf 90' lang='lat' dir='ltr'><strong>et</strong></span> <span class='ocrx_word' id='word_1_144' title='bbox 1357 1702 1538 1748; x_wconf 90' lang='lat' dir='ltr'><strong>Doctor</strong></span> 
     </span>
     <span class='ocr_line' id='line_1_20' title="bbox 110 1774 1536 1841; baseline 0.001 -17"><span class='ocrx_word' id='word_1_145' title='bbox 110 1785 300 1824; x_wconf 87' lang='lat' dir='ltr'><strong>sanctus</strong></span> <span class='ocrx_word' id='word_1_146' title='bbox 321 1786 430 1841; x_wconf 89' lang='lat' dir='ltr'><strong>post</strong></span> <span class='ocrx_word' id='word_1_147' title='bbox 445 1793 574 1837; x_wconf 88' lang='lat' dir='ltr'><strong>eum,</strong></span> <span class='ocrx_word' id='word_1_148' title='bbox 593 1776 643 1822; x_wconf 93' lang='lat' dir='ltr'><strong>in</strong></span> <span class='ocrx_word' id='word_1_149' title='bbox 663 1775 773 1821; x_wconf 94' lang='lat' dir='ltr'><strong>loco</strong></span> <span class='ocrx_word' id='word_1_150' title='bbox 792 1774 1011 1837; x_wconf 87' lang='lat' dir='ltr'><strong>allegato.</strong></span> <span class='ocrx_word' id='word_1_151' title='bbox 1036 1777 1140 1822; x_wconf 92' lang='lat' dir='ltr'><strong>Hoc</strong></span> <span class='ocrx_word' id='word_1_152' title='bbox 1158 1776 1301 1823; x_wconf 85' lang='lat' dir='ltr'><strong>etiam</strong></span> <span class='ocrx_word' id='word_1_153' title='bbox 1320 1793 1536 1841; x_wconf 87' lang='lat' dir='ltr'><strong>expresse</strong></span> 
     </span>
     <span class='ocr_line' id='line_1_21' title="bbox 112 1851 1560 1925; baseline 0.001 -24"><span class='ocrx_word' id='word_1_154' title='bbox 112 1853 317 1915; x_wconf 79' lang='lat' dir='ltr'><strong>habetur</strong></span> <span class='ocrx_word' id='word_1_155' title='bbox 327 1856 429 1916; x_wconf 87' lang='lat' dir='ltr'><strong>vll,</strong></span> <span class='ocrx_word' id='word_1_156' title='bbox 452 1863 614 1919; x_wconf 84' lang='lat' dir='ltr'><strong>quaest.</strong></span> <span class='ocrx_word' id='word_1_157' title='bbox 639 1857 684 1913; x_wconf 77' lang='grc'><strong>1,</strong></span> <span class='ocrx_word' id='word_1_158' title='bbox 701 1854 735 1913; x_wconf 79' lang='lat'>§</span> <span class='ocrx_word' id='word_1_159' title='bbox 759 1870 783 1896; x_wconf 90' lang='lat'>«</span> <span class='ocrx_word' id='word_1_160' title='bbox 800 1851 921 1898; x_wconf 87' lang='lat' dir='ltr'><strong>Hinc</strong></span> <span class='ocrx_word' id='word_1_161' title='bbox 941 1851 1084 1899; x_wconf 87' lang='lat' dir='ltr'><strong>etiam</strong></span> <span class='ocrx_word' id='word_1_162' title='bbox 1097 1873 1140 1913; x_wconf 87' lang='lat'><strong>»‚</strong></span> <span class='ocrx_word' id='word_1_163' title='bbox 1164 1852 1249 1899; x_wconf 93' lang='lat' dir='ltr'><strong>ubi</strong></span> <span class='ocrx_word' id='word_1_164' title='bbox 1270 1853 1319 1900; x_wconf 90' lang='lat' dir='ltr'><strong>in</strong></span> <span class='ocrx_word' id='word_1_165' title='bbox 1336 1863 1468 1902; x_wconf 86' lang='lat' dir='ltr'><strong>textu</strong></span> <span class='ocrx_word' id='word_1_166' title='bbox 1489 1865 1560 1925; x_wconf 68' lang='lat' dir='ltr'><strong>et⁸</strong></span> 
     </span>
     <span class='ocr_line' id='line_1_22' title="bbox 113 1927 1533 1999; baseline 0.002 -22"><span class='ocrx_word' id='word_1_167' title='bbox 113 1931 267 1994; x_wconf 89' lang='lat' dir='ltr'><strong>glossa</strong></span> <span class='ocrx_word' id='word_1_168' title='bbox 282 1931 422 1997; x_wconf 88' lang='lat' dir='ltr'><strong>plene</strong></span> <span class='ocrx_word' id='word_1_169' title='bbox 440 1929 501 1978; x_wconf 89' lang='lat' dir='ltr'><strong>de</strong></span> <span class='ocrx_word' id='word_1_170' title='bbox 523 1927 799 1993; x_wconf 83' lang='lat' dir='ltr'><strong>hujusmodi</strong></span> <span class='ocrx_word' id='word_1_171' title='bbox 820 1929 1017 1977; x_wconf 87' lang='lat' dir='ltr'><strong>materia</strong></span> <span class='ocrx_word' id='word_1_172' title='bbox 1033 1939 1274 1999; x_wconf 50' lang='lat' dir='ltr'><strong>afflictatur,</strong></span> <span class='ocrx_word' id='word_1_173' title='bbox 1302 1941 1350 1978; x_wconf 91' lang='lat' dir='ltr'><strong>et</strong></span> <span class='ocrx_word' id='word_1_174' title='bbox 1370 1942 1533 1980; x_wconf 90' lang='lat' dir='ltr'><strong>aucto-</strong></span> 
     </span>
     <span class='ocr_line' id='line_1_23' title="bbox 112 2005 1530 2072; baseline 0.001 -17"><span class='ocrx_word' id='word_1_175' title='bbox 112 2008 330 2056; x_wconf 86' lang='lat' dir='ltr'><strong>ritatibus</strong></span> <span class='ocrx_word' id='word_1_176' title='bbox 349 2018 396 2057; x_wconf 87' lang='lat' dir='ltr'><strong>et</strong></span> <span class='ocrx_word' id='word_1_177' title='bbox 412 2007 639 2072; x_wconf 82' lang='lat' dir='ltr'><strong>exemplis</strong></span> <span class='ocrx_word' id='word_1_178' title='bbox 652 2005 930 2069; x_wconf 89' lang='lat' dir='ltr'><strong>hujusmodi</strong></span> <span class='ocrx_word' id='word_1_179' title='bbox 948 2007 1180 2055; x_wconf 89' lang='lat' dir='ltr'><strong>sententia</strong></span> <span class='ocrx_word' id='word_1_180' title='bbox 1197 2007 1530 2070; x_wconf 57' lang='lat' dir='ltr'><strong>confirmatum</strong></span> 
     </span>
     <span class='ocr_line' id='line_1_24' title="bbox 113 2082 1534 2150; baseline 0.001 -18"><span class='ocrx_word' id='word_1_181' title='bbox 113 2085 238 2133; x_wconf 89' lang='lat' dir='ltr'><strong>inter</strong></span> <span class='ocrx_word' id='word_1_182' title='bbox 277 2101 396 2150; x_wconf 89' lang='lat' dir='ltr'><strong>quas</strong></span> <span class='ocrx_word' id='word_1_183' title='bbox 439 2084 638 2132; x_wconf 91' lang='lat' dir='ltr'><strong>omnino</strong></span> <span class='ocrx_word' id='word_1_184' title='bbox 684 2091 755 2130; x_wconf 89' lang='lat' dir='ltr'><strong>est</strong></span> <span class='ocrx_word' id='word_1_185' title='bbox 796 2082 1130 2145; x_wconf 86' lang='lat' dir='ltr'><strong>irrefragabilis</strong></span> <span class='ocrx_word' id='word_1_186' title='bbox 1172 2083 1253 2132; x_wconf 89' lang='lat' dir='ltr'><strong>illa</strong></span> <span class='ocrx_word' id='word_1_187' title='bbox 1280 2085 1534 2134; x_wconf 86' lang='lat' dir='ltr'><strong>Salvatoris</strong></span> 
     </span>
     <span class='ocr_line' id='line_1_25' title="bbox 112 2159 1532 2228; baseline 0 -18"><span class='ocrx_word' id='word_1_188' title='bbox 112 2162 298 2228; x_wconf 78' lang='lat' dir='ltr'><strong>(Matth.</strong></span> <span class='ocrx_word' id='word_1_189' title='bbox 323 2164 410 2226; x_wconf 74' lang='lat' dir='ltr'><strong>X0)</strong></span> <span class='ocrx_word' id='word_1_190' title='bbox 428 2160 742 2227; x_wconf 78' lang='lat' dir='ltr'><strong>praecipientis</strong></span> <span class='ocrx_word' id='word_1_191' title='bbox 763 2159 990 2225; x_wconf 88' lang='lat' dir='ltr'><strong>apostolis</strong></span> <span class='ocrx_word' id='word_1_192' title='bbox 1011 2161 1124 2222; x_wconf 89' lang='lat' dir='ltr'><strong>suis,</strong></span> <span class='ocrx_word' id='word_1_193' title='bbox 1144 2177 1352 2225; x_wconf 90' lang='lat' dir='ltr'><strong>quorum</strong></span> <span class='ocrx_word' id='word_1_194' title='bbox 1369 2162 1532 2210; x_wconf 92' lang='lat' dir='ltr'><strong>locum</strong></span> 
     </span>
     <span class='ocr_line' id='line_1_26' title="bbox 45 2237 1532 2306; baseline 0 -18"><span class='ocrx_word' id='word_1_195' title='bbox 45 2241 52 2246; x_wconf 81' lang='grc'><strong>”</strong></span> <span class='ocrx_word' id='word_1_196' title='bbox 113 2249 276 2288; x_wconf 88' lang='lat' dir='ltr'><strong>tenent</strong></span> <span class='ocrx_word' id='word_1_197' title='bbox 295 2240 506 2306; x_wconf 90' lang='lat' dir='ltr'><strong>episcopi</strong></span> <span class='ocrx_word' id='word_1_198' title='bbox 531 2257 540 2285; x_wconf 91' lang='lat'>:</span> <span class='ocrx_word' id='word_1_199' title='bbox 571 2258 595 2283; x_wconf 91' lang='lat'>«</span> <span class='ocrx_word' id='word_1_200' title='bbox 621 2238 669 2285; x_wconf 90' lang='lat' dir='ltr'><strong>Si</strong></span> <span class='ocrx_word' id='word_1_201' title='bbox 690 2253 776 2285; x_wconf 89' lang='lat' dir='ltr'><strong>vos</strong></span> <span class='ocrx_word' id='word_1_202' title='bbox 807 2238 1041 2302; x_wconf 87' lang='lat' dir='ltr'><strong>persecuti</strong></span> <span class='ocrx_word' id='word_1_203' title='bbox 1071 2237 1246 2286; x_wconf 85' lang='lat' dir='ltr'><strong>suerint</strong></span> <span class='ocrx_word' id='word_1_204' title='bbox 1270 2240 1320 2286; x_wconf 93' lang='lat' dir='ltr'><strong>in</strong></span> <span class='ocrx_word' id='word_1_205' title='bbox 1349 2257 1447 2288; x_wconf 89' lang='lat' dir='ltr'><strong>una</strong></span> <span class='ocrx_word' id='word_1_206' title='bbox 1469 2242 1532 2288; x_wconf 93' lang='lat' dir='ltr'><strong>ci-</strong></span> 
     </span>
     <span class='ocr_line' id='line_1_27' title="bbox 113 2315 1531 2382; baseline -0.001 -16"><span class='ocrx_word' id='word_1_207' title='bbox 113 2318 272 2379; x_wconf 81' lang='lat' dir='ltr'><strong>vitate,</strong></span> <span class='ocrx_word' id='word_1_208' title='bbox 293 2318 436 2382; x_wconf 85' lang='lat' dir='ltr'><strong>fugite</strong></span> <span class='ocrx_word' id='word_1_209' title='bbox 459 2318 507 2364; x_wconf 91' lang='lat' dir='ltr'><strong>in</strong></span> <span class='ocrx_word' id='word_1_210' title='bbox 524 2317 682 2364; x_wconf 87' lang='lat' dir='ltr'><strong>aliam.</strong></span> <span class='ocrx_word' id='word_1_211' title='bbox 703 2334 727 2360; x_wconf 91' lang='lat'>»</span> <span class='ocrx_word' id='word_1_212' title='bbox 753 2317 868 2373; x_wconf 87' lang='lat' dir='ltr'><strong>Quae</strong></span> <span class='ocrx_word' id='word_1_213' title='bbox 887 2315 925 2361; x_wconf 90' lang='lat' dir='ltr'><strong>si</strong></span> <span class='ocrx_word' id='word_1_214' title='bbox 947 2315 1206 2379; x_wconf 85' lang='lat' dir='ltr'><strong>aliquando</strong></span> <span class='ocrx_word' id='word_1_215' title='bbox 1224 2317 1386 2364; x_wconf 90' lang='lat' dir='ltr'><strong>locum</strong></span> <span class='ocrx_word' id='word_1_216' title='bbox 1408 2317 1531 2366; x_wconf 88' lang='lat' dir='ltr'><strong>obti-</strong></span> 
     </span>
     <span class='ocr_line' id='line_1_28' title="bbox 114 2392 1527 2461; baseline -0.001 -17"><span class='ocrx_word' id='word_1_217' title='bbox 114 2406 249 2458; x_wconf 87' lang='lat' dir='ltr'><strong>neat,</strong></span> <span class='ocrx_word' id='word_1_218' title='bbox 274 2406 389 2443; x_wconf 90' lang='lat' dir='ltr'><strong>tunc</strong></span> <span class='ocrx_word' id='word_1_219' title='bbox 415 2404 540 2442; x_wconf 91' lang='lat' dir='ltr'><strong>certe</strong></span> <span class='ocrx_word' id='word_1_220' title='bbox 568 2395 656 2442; x_wconf 88' lang='lat' dir='ltr'><strong>erit</strong></span> <span class='ocrx_word' id='word_1_221' title='bbox 683 2392 878 2458; x_wconf 91' lang='lat' dir='ltr'><strong>quando</strong></span> <span class='ocrx_word' id='word_1_222' title='bbox 900 2392 950 2439; x_wconf 89' lang='lat' dir='ltr'><strong>in</strong></span> <span class='ocrx_word' id='word_1_223' title='bbox 974 2393 1130 2439; x_wconf 89' lang='lat' dir='ltr'><strong>solum</strong></span> <span class='ocrx_word' id='word_1_224' title='bbox 1156 2403 1395 2458; x_wconf 84' lang='lat' dir='ltr'><strong>pastorem</strong></span> <span class='ocrx_word' id='word_1_225' title='bbox 1417 2413 1527 2461; x_wconf 84' lang='lat' dir='ltr'><strong>per-</strong></span> 
     </span>
     <span class='ocr_line' id='line_1_29' title="bbox 114 2470 1530 2536; baseline 0 -14"><span class='ocrx_word' id='word_1_226' title='bbox 114 2475 293 2522; x_wconf 89' lang='lat' dir='ltr'><strong>secutio</strong></span> <span class='ocrx_word' id='word_1_227' title='bbox 322 2473 472 2534; x_wconf 86' lang='lat' dir='ltr'><strong>saevit,</strong></span> <span class='ocrx_word' id='word_1_228' title='bbox 507 2481 554 2519; x_wconf 92' lang='grc'><strong>01</strong></span> <span class='ocrx_word' id='word_1_229' title='bbox 584 2488 669 2536; x_wconf 90' lang='lat' dir='ltr'><strong>per</strong></span> <span class='ocrx_word' id='word_1_230' title='bbox 697 2471 799 2534; x_wconf 89' lang='lat' dir='ltr'><strong>ejus</strong></span> <span class='ocrx_word' id='word_1_231' title='bbox 831 2470 988 2533; x_wconf 81' lang='lat' dir='ltr'><strong>fugam</strong></span> <span class='ocrx_word' id='word_1_232' title='bbox 1023 2480 1105 2518; x_wconf 83' lang='lat' dir='ltr'><strong>aut</strong></span> <span class='ocrx_word' id='word_1_233' title='bbox 1136 2487 1369 2519; x_wconf 90' lang='lat' dir='ltr'><strong>recessum</strong></span> <span class='ocrx_word' id='word_1_234' title='bbox 1405 2475 1530 2522; x_wconf 87' lang='lat' dir='ltr'><strong>salus</strong></span> 
     </span>
     <span class='ocr_line' id='line_1_30' title="bbox 114 2546 1530 2615; baseline 0 -17"><span class='ocrx_word' id='word_1_235' title='bbox 114 2551 266 2615; x_wconf 87' lang='lat' dir='ltr'><strong>gregis</strong></span> <span class='ocrx_word' id='word_1_236' title='bbox 302 2566 402 2598; x_wconf 91' lang='lat' dir='ltr'><strong>non</strong></span> <span class='ocrx_word' id='word_1_237' title='bbox 431 2549 737 2615; x_wconf 89' lang='lat' dir='ltr'><strong>periclitatur,</strong></span> <span class='ocrx_word' id='word_1_238' title='bbox 771 2546 855 2595; x_wconf 90' lang='lat' dir='ltr'><strong>sed</strong></span> <span class='ocrx_word' id='word_1_239' title='bbox 888 2547 933 2594; x_wconf 91' lang='lat' dir='ltr'><strong>ei</strong></span> <span class='ocrx_word' id='word_1_240' title='bbox 971 2563 1058 2612; x_wconf 89' lang='lat' dir='ltr'><strong>per</strong></span> <span class='ocrx_word' id='word_1_241' title='bbox 1092 2547 1211 2595; x_wconf 87' lang='lat' dir='ltr'><strong>alios</strong></span> <span class='ocrx_word' id='word_1_242' title='bbox 1243 2549 1530 2598; x_wconf 84' lang='lat' dir='ltr'><strong>sufficienter</strong></span> 
     </span>
     <span class='ocr_line' id='line_1_31' title="bbox 114 2623 1527 2693; baseline -0.001 -18"><span class='ocrx_word' id='word_1_243' title='bbox 114 2626 406 2693; x_wconf 87' lang='lat' dir='ltr'><strong>providetur.</strong></span> <span class='ocrx_word' id='word_1_244' title='bbox 438 2646 460 2669; x_wconf 86' lang='lat'>«</span> <span class='ocrx_word' id='word_1_245' title='bbox 488 2627 609 2673; x_wconf 92' lang='lat' dir='ltr'><strong>Cum</strong></span> <span class='ocrx_word' id='word_1_246' title='bbox 630 2624 759 2672; x_wconf 89' lang='lat' dir='ltr'><strong>enim</strong></span> <span class='ocrx_word' id='word_1_247' title='bbox 785 2642 808 2669; x_wconf 77' lang='lat' dir='ltr'><strong>n</strong></span> <span class='ocrx_word' id='word_1_248' title='bbox 837 2633 890 2671; x_wconf 91' lang='lat' dir='ltr'><strong>ut</strong></span> <span class='ocrx_word' id='word_1_249' title='bbox 910 2623 975 2671; x_wconf 90' lang='lat' dir='ltr'><strong>ait</strong></span> <span class='ocrx_word' id='word_1_250' title='bbox 1000 2626 1179 2674; x_wconf 89' lang='lat' dir='ltr'><strong>Doctor</strong></span> <span class='ocrx_word' id='word_1_251' title='bbox 1207 2636 1397 2674; x_wconf 84' lang='lat' dir='ltr'><strong>sanctus</strong></span> <span class='ocrx_word' id='word_1_252' title='bbox 1428 2648 1450 2687; x_wconf 69' lang='grc' dir='ltr'><strong>(ς</strong></span> <span class='ocrx_word' id='word_1_253' title='bbox 1478 2629 1527 2674; x_wconf 88' lang='grc'><strong>111</strong></span> 
     </span>
    </p>
   </div>
   <div class='ocr_carea' id='block_1_7' title="bbox 168 2773 1369 2888">
    <p class='ocr_par' dir='ltr' id='par_1_8' title="bbox 168 2773 1369 2888">
     <span class='ocr_line' id='line_1_32' title="bbox 168 2773 723 2825; baseline -0.005 -10"><span class='ocrx_word' id='word_1_254' title='bbox 168 2779 188 2815; x_wconf 78' lang='lat'>¹</span> <span class='ocrx_word' id='word_1_255' title='bbox 199 2805 209 2815; x_wconf 93' lang='lat'>.</span> <span class='ocrx_word' id='word_1_256' title='bbox 239 2776 347 2817; x_wconf 78' lang='lat' dir='ltr'><strong>Saint</strong></span> <span class='ocrx_word' id='word_1_257' title='bbox 361 2774 525 2814; x_wconf 78' lang='lat' dir='ltr'><strong>Thomas</strong></span> <span class='ocrx_word' id='word_1_258' title='bbox 542 2773 723 2825; x_wconf 83' lang='lat' dir='ltr'><strong>d’Aquin.</strong></span> 
     </span>
     <span class='ocr_line' id='line_1_33' title="bbox 221 2852 1369 2888; baseline 0.003 -4"><span class='ocrx_word' id='word_1_259' title='bbox 221 2863 267 2888; x_wconf 74' lang='lat' dir='ltr'><strong>ux</strong></span> <span class='ocrx_word' id='word_1_260' title='bbox 1321 2852 1369 2887; x_wconf 72' lang='lat'><strong>22</strong></span> 
     </span>
    </p>
   </div>
  </div>
 </body>
</html>
