2060 3392
710 288 860 326 LIBER
897 283 1151 325 SEPTIMUS.
1557 283 1575 318 ¹
1583 283 1633 318 57

683 467 856 513 CAPIT
861 465 1026 511 ULUM
1062 465 1165 509 vll.

221 605 415 654 Quomodo
430 618 452 642 a
464 604 555 641 duee
570 602 719 638 Austriae
734 601 854 636 civitas
865 598 1098 648 Trajectensis
1112 597 1251 632 obsessa
1269 595 1350 640 fuit,
1365 603 1400 630 et
1417 594 1462 630 de
1474 593 1531 629 his
1544 606 1635 640 qua,

600 658 752 694 durante
773 656 976 700 obsidione,
990 655 1216 702 contigerunt
1233 654 1261 688 ¹.

263 784 395 830 ¹'Non
423 780 628 828 multum
656 793 771 824 vero
802 785 934 841 post,
970 777 1096 821 circa
1130 773 1428 820 festivitatem
1465 771 1639 818 Nativi-

223 859 328 923 tatis
349 858 477 906 beati
504 855 737 904 Johannis
760 853 975 919 Baptistae
992 855 1030 910 ²,
1062 850 1398 898 illustrissimus
1423 850 1643 915 princeps

223 935 592 995 Maximilianus,
617 933 712 980 dux
739 927 953 991 Austriai'e,
979 929 1275 994 compatiens
1295 928 1504 993 piissimo
1525 942 1645 992 pon-

223 1013 362 1075 tifici,
382 1013 465 1078 qui
488 1013 555 1059 sic
571 1023 604 1059 a¹
622 1008 940 1068 Clivensibus‚
961 1005 1180 1054 hostibus
1198 1005 1342 1052 etiam
1358 1006 1475 1062 suiS‚
1494 1004 1646 1052 fuerat

223 1092 574 1155 circumventus
593 1099 641 1136 et
661 1098 826 1154 captus
843 1087 1007 1151 (quem
1030 1086 1118 1151 ipsi
1142 1085 1202 1133 de
1223 1084 1435 1148 Trajecto
1463 1087 1646 1130 Amers·

208 1169 431 1217 'fordiam
463 1166 883 1232 transportat-unt',
917 1180 977 1210 ne
1014 1164 1134 1210 sorte
1169 1161 1235 1210 ob
1269 1162 1416 1226 ipsius
1445 1176 1648 1226 primen-

226 1247 343 1294 tiam
360 1246 505 1309 aliqui
522 1246 571 1292 in
588 1244 775 1291 civitate
791 1259 865 1289 res
881 1257 1032 1288 novas
1049 1240 1208 1287 moliri
1227 1238 1644 1303 aggrederentur),

226 1324 428 1372 collecto
450 1322 611 1370 valido
633 1321 840 1368 exercitu
862 1320 1047 1366 circiter
1065 1318 1127 1366 ad
1146 1317 1245 1364 duo
1262 1317 1410 1364 millia
1435 1316 1650 1380 equitum

228 1411 276 1449 et
302 1402 469 1449 decem
501 1409 585 1448 aut
613 1398 872 1446 duodecim
898 1397 1046 1444 millia
1078 1395 1316 1461 peditum,
1353 1395 1506 1460 ipsam
1533 1394 1650 1441 civi-

210 1487 374 1528 'tatem
406 1477 659 1526 obsidione
701 1477 847 1524 cinxit
880 1486 928 1523 et
960 1474 1174 1536 vallavit,
1219 1490 1320 1521 non
1359 1473 1555 1537 quidem
1592 1490 1650 1520 ex

229 1557 363 1604 omni
407 1567 565 1623 parte,
607 1555 691 1603 sed
725 1572 782 1601 ex
822 1570 879 1601 ea
919 1553 1126 1600 maxime
1161 1552 1292 1599 unde
1330 1550 1533 1599 obsessis
1576 1551 1652 1598 vel

229 1649 432 1682 annonae
477 1633 710 1691 subsidia,
762 1632 836 1679 vel
887 1647 1136 1679 succursus
1187 1630 1354 1678 solatia
1399 1629 1653 1694 provenire

231 1713 512 1777 potuissent.

298 1788 508 1836 Admotis
547 1797 707 1836 autem
757 1788 820 1834 ad
863 1787 1040 1833 moenia
1076 1795 1124 1832 et
1169 1795 1320 1832 turres
1366 1784 1654 1847 dejiciendas

234 1866 448 1930 petrariis
475 1881 533 1913 ac
554 1864 758 1925 balistis,
790 1878 1013 1926 magnam
1037 1863 1161 1908 muri
1188 1871 1373 1926 partem
1394 1861 1521 1908 circa
1541 1878 1654 1926 por-

236 1953 358 2004 tam,
403 1960 507 2007 quae
552 1942 711 1989 vicina
742 1951 813 1988 est
846 1940 1135 1987 monasterio
1182 1939 1507 2002 religiosarum
1550 1956 1654 2002 quae

236 2021 379 2084 vulgo
402 2019 526 2067 Albae
548 2019 764 2066 Dominae
786 2026 1035 2076 vocantur,
1061 2016 1246 2080 dejecit.
1276 2015 1421 2074 Quod
1444 2016 1657 2064 videntes

219 2097 581 2163 ‘Enghelbertus
626 2095 929 2155 domicelluS,
979 2094 1202 2142 dominus
1242 2094 1302 2142 de
1347 2097 1581 2160 Montfort
1610 2105 1656 2142 et

237 2175 316 2222 alii
356 2175 438 2239 qui
472 2175 519 2221 in
550 2174 737 2221 civitate
765 2182 923 2229 erant,
954 2181 1001 2218 et
1028 2187 1114 2235 per
1146 2187 1253 2219 eam
1279 2181 1464 2236 partem
1494 2172 1656 2219 civita-

238 2261 333 2299 tem
380 2252 639 2317 expugnari
666 2259 927 2298 metuentes
940 2284 953 2307 ,
990 2247 1104 2295 dato
1137 2249 1205 2296 eis
1234 2265 1401 2296 securo
1440 2265 1652 2310 accessu,

239 2329 396 2393 ipsum
445 2329 813 2376 illustrissimum
870 2326 1122 2373 dominum
1178 2325 1351 2373 ducem
1407 2325 1653 2386 adierunt,

242 2406 474 2471 supplices
513 2406 576 2454 ab
621 2422 680 2452 eo
724 2421 892 2471 pacem
939 2403 1161 2468 petituri,
1204 2402 1573 2467 obtuleruntque
1609 2419 1658 2449 se

244 2482 535 2531 deditionem
565 2484 795 2543 facturos,
834 2481 870 2529 si
908 2481 976 2528 eis
1017 2490 1177 2542 certae,
1212 2496 1331 2544 quas
1367 2478 1654 2545 poscebant,

301 2601 340 2637 1.
368 2598 546 2650 Chapitre
569 2599 745 2651 im‘prime
773 2598 869 2637 dans
898 2598 952 2636 les
981 2600 1166 2635 Analecta
1198 2597 1246 2636 de
1272 2596 1472 2636 Matthaeus
1500 2605 1539 2634 et
1564 2595 1658 2634 dans

248 2661 268 2700 Γ
276 2662 516 2711 Amplissima
533 2663 712 2700 collectio.

301 2726 341 2764 2.
372 2723 442 2762 Fin
460 2723 509 2761 de
523 2723 608 2771 juin
627 2725 748 2762 ¹483.

305 2790 343 2826 3.
375 2789 472 2837 Voy.
492 2785 675 2824 ci-daesus
693 2814 704 2833 ‚
723 2799 764 2837 p.
787 2788 862 2824 153
877 2813 888 2832 ,
906 2792 997 2823 note
1019 2787 1059 2822 2.
