2060 3392
412 258 489 296 396
839 259 998 299 mnEx
1023 249 1388 299 cA'PrrULonUM.

1725 350 1742 371 P

411 387 622 424 Currum„
637 400 675 423 11.
694 407 742 415 —
758 388 811 423 De
825 388 1010 430 immatura
1029 396 1141 424 morte
1156 387 1316 423 Edoardi
1326 415 1337 434 ,
1356 389 1550 436 Anglorum
1562 389 1651 436 regin
1663 415 1674 433 ,
1693 398 1728 424 et
1744 349 1821 374 Νι,

457 443 615 492 ejusdem
626 444 725 492 regni
737 444 919 492 tyrannica
934 444 1165 492 occupatione
1174 457 1238 493 per
1247 444 1463 480 Richardum
1476 447 1553 494 ejus
1570 445 1726 489 fratrem,

458 499 585 536 ducem
600 500 801 536 Glocestriae
805 525 1723 540 .......................................
1755 502 1823 538 133

1298 542 1306 558 Ι

411 596 620 632 Gummi
636 608 690 631 m.
709 616 758 624 —
773 597 825 642 De
849 595 1089 632 commotione
1105 596 1384 645 Trajectemium
1400 595 1407 615 ·’
1413 602 1537 635 contra
1558 608 1640 632 suos
1667 603 1728 645 ty-

458 665 600 699 rannos,
619 661 654 688 et
667 652 713 688 de
725 665 850 688 eorum
867 652 1143 689 incarceratione
1157 667 1168 698 ;
1191 662 1225 689 et
1240 652 1510 700 quomodo'sese
1533 652 1730 689 stultissime

458 717 605 756 egerunt
612 734 1724 747 ...............................................
1759 709 1825 745 139

411 805 623 840 eurr-mum
652 817 703 841 ιν.
736 825 783 832 -
816 805 868 840 De
892 805 998 852 longa
1030 805 1271 852 protractione
1296 804 1442 839 miserim
1470 812 1505 839 et
1529 803 1734 847 calamitatis

458 860 605 896 civitatis
620 862 854 909 Trajectensiu
870 875 914 898 ex
931 861 1064 897 malitia
1081 873 1227 896 suorum
1242 870 1475 910 tyrannorum
1480 885 1725 897 ...........
1758 861 1825 896 142

412 956 625 992 Curi-uum
643 969 678 994 v,
697 976 744 984 —
758 956 951 1000 Quomodo
975 956 1068 991 cives
1091 956 1331 1003 Trajectenses
1351 955 1507 1003 potiores
1525 956 1649 1003 jugum
1674 963 1732 1003 ty-
1756 967 1760 972 ’

458 1013 610 1047 rannicae
637 1012 888 1048 dominationis
917 1025 939 1048 a
965 1013 1035 1048 suis
1061 1012 1258 1047 cervicibus
1281 1021 1524 1057 excusserunt,
1553 1011 1665 1047 missis
1692 1011 1731 1047 in

459 1081 636 1103 carcerem
661 1068 820 1115 tyrannis
836 1095 845 1112 ‚
877 1077 911 1104 et
935 1081 1037 1103 suum
1058 1068 1263 1116 pontificem
1291 1068 1467 1116 optimum
1494 1067 1533 1103 in
1557 1067 1732 1103 civitatem

460 1137 559 1160 suam
576 1133 782 1173 receperunt
798 1137 878 1160 cum
894 1126 1225 1173 applausumagno.
1313 1151 1345 1160 ..
1480 1151 1488 1160 .
1763 1123 1827 1158 iu

412 1222 624 1258 Cum-uum
639 1234 687 1258 vr.
707 1242 757 1249 —
771 1220 965 1265 Quomodo
986 1222 1095 1268 paulo
1114 1229 1214 1269 pont,
1239 1220 1331 1256 duce
1346 1220 1502 1267 quodam
1515 1219 1672 1256 Hem-ico
1687 1217 1734 1254 de

458 1278 623 1325 Nyevelde
635 1305 644 1321 ‚
665 1278 785 1313 accitis
804 1278 1022 1314 Clivensibus
1036 1286 1070 1313 et
1089 1276 1436 1313 Amenfordensibus
1445 1302 1457 1319 ,
1478 1285 1583 1312 nocte
1597 1276 1735 1324 irrupta

459 1343 510 1370 est
529 1343 564 1370 et
581 1344 682 1382 capta
700 1334 820 1370 civitas
841 1335 1075 1382 Trajectensis
1090 1343 1239 1382 ‚captus
1259 1334 1419 1382 pontifex
1434 1342 1469 1369 et
1485 1332 1627 1382 tyranni
1641 1333 1733 1368 libe-

459 1391 549 1436 rati,
573 1400 607 1426 et
625 1391 881 1439 Enghelbertus
895 1391 940 1427 de
955 1392 1062 1427 Clivis
1081 1391 1201 1427 denuo
1215 1392 1408 1427 reims-usus
1412 1415 1726 1427 ..............
1760 1390 1828 1425 149

413 1487 624 1522 Cum-uum
641 1499 703 1522 vn.
723 1506 770 1514 —
788 1485 982 1530 Quomodo
1012 1499 1033 1522 a
1058 1486 1149 1522 duce
1178 1487 1327 1522 Austriae
1357 1486 1478 1522 civitas
1505 1485 1736 1535 Trajectensis

461 1544 600 1579 obsessa
618 1544 698 1587 fuit,
715 1551 750 1578 et
767 1542 812 1578 de
824 1543 880 1578 his
894 1555 985 1590 quae,
1006 1542 1157 1578 durante
1179 1543 1380 1588 obsidione,
1393 1543 1616 1591 contigerunt
1623 1567 1728 1580 .....
1761 1543 1829 1578 157

415 1640 629 1676 Cunnum
643 1652 719 1675 vm.
737 1659 784 1667 —
799 1641 851 1674 De
873 1638 1021 1675 civitatis
1037 1638 1240 1683 deditione,
1258 1647 1292 1673 et
1316 1638 1469 1674 auctoris
1489 1638 1733 1684 excusatione;
1774 1679 1778 1683 .

459 1709 501 1731 ac
527 1695 573 1731 de
598 1696 699 1732 obitu
721 1695 915 1741 Ludoviei,
932 1696 1152 1731 Francorum
1167 1695 1258 1743 regis
1266 1720 1729 1731 ....................
1762 1695 1828 1730 162

413 1794 626 1830 Currum
639 1805 691 1828 1x.
705 1812 753 1821 -
767 1794 819 1828 De
839 1791 1048 1829 habitudine
1070 1804 1228 1840 personae
1255 1789 1415 1839 ejusdem
1435 1789 1609 1826 Ludovici
1632 1799 1667 1826 et
1683 1766 1733 1826 *de

461 1850 565 1886 variis
586 1849 832 1886 venationibus
835 1873 1727 1886 ......................................
1761 1848 1830 1884 165

412 1946 622 1982 Carnum:
638 1957 676 1984 ιη
689 1945 798 1981 -ἑΒε
807 1956 949 1980 morum
963 1945 1038 1992 ejus
1050 1943 1215 1985 varietate
1229 1955 1270 1979 ac
1287 1942 1333 1979 de
1346 1941 1504 1991 ejusdem
1517 1936 1733 1980 liberalitate.
1763 1943 1830 1979 169

414 2043 628 2078 Cunnum
645 2053 696 2080 xx.
713 2061 762 2070 -—
777 2041 829 2076 De
845 2040 1041 2085 clementia,
1061 2039 1135 2075 imo
1153 2039 1268 2075 verius
1287 2038 1332 2074 de
1348 2037 1553 2074 crudelitate
1567 2038 1658 2086 ejus.
1672 2063 1682 2073 .
1695 2063 1706 2073 .
1720 2063 1729 2072 .
1762 2038 1830 2073 172

413 2137 626 2173 eun-uum
641 2149 704 2174 ΧΠ.
723 2156 771 2164 -
786 2137 838 2172 De
859 2135 1028 2184 sapientia
1048 2147 1110 2171 seu
1126 2134 1315 2183 prudentia
1333 2136 1409 2183 ejus
1413 2158 1727 2172 ..............
1760 2132 1830 2167 176

414 2234 626 2270 Cam-mmm
644 2246 719 2270 xm.
738 2254 786 2263 —
799 2235 852 2270 De
875 2233 1010 2282 justitia
1030 2234 1106 2281 ejus
1110 2253 1727 2270 ...........................
1761 2230 1828 2264 180

414 2316 627 2365 Chri-unum
645 2342 718 2366 x1v.
735 2349 783 2358 —
799 2331 852 2365 De
871 2327 1080 2365 fortitudine
1102 2336 1136 2364 et
1157 2327 1359 2364 strenuitate
1373 2324 1543 2375 ejusdem.
1554 2352 1563 2361 .
1578 2352 1586 2361 .
1601 2351 1611 2361 .
1624 2351 1633 2361 .
1649 2351 1658 2360 .
1673 2351 1682 2361 .
1697 2352 1707 2377 ·.
1721 2351 1729 2360 .
1761 2325 1830 2360 185

414 2426 625 2461 Cum-num
643 2438 700 2463 xv.
717 2445 765 2454 -
780 2427 832 2466 De
850 2423 1079 2472 eleemosynis
1099 2423 1209 2471 ipsius
1227 2430 1262 2458 et
1281 2421 1520 2458 oblationibus
1528 2446 1729 2457 .........
1764 2422 1830 2456 189

413 2525 625 2560 Cum-mum
649 2536 723 2560 xvi.
741 2544 788 2551 —
803 2523 1030 2571 Comparatio
1047 2534 1186 2557 morum
1205 2533 1350 2556 suorum
1366 2519 1413 2555 ad
1431 2528 1598 2567 paternos
1623 2531 1737 2555 mores

460 2579 579 2627 quoad
597 2580 864 2628 temperantiam
880 2588 982 2626 atque
993 2578 1218 2627 prudentiam
1223 2602 1728 2616 ......................
1763 2577 1829 2612 192

414 2679 627 2713 Cunnum
647 2690 734 2714 ινιτ,
753 2697 798 2705 —
814 2675 1040 2724 Comparatio
1068 2688 1207 2711 morum
1235 2674 1345 2723 ipsius
1369 2673 1414 2709 ad
1434 2682 1566 2710 veteres
1584 2673 1737 2721 insignes

460 2742 629 2781 tyrannos
637 2755 1727 2770 ..............................................
1763 2729 1831 2764 195

2052 366 2060 561 Α-..ῌη-ῌ

2051 666 2060 853 .·—...·-.-.=-.—.-
2052 639 2060 657 n..
2058 621 2060 628 .
2058 598 2060 603 .
2056 571 2060 588 ..
