2060 3392
701 287 847 324 LIBER
886 286 1072 326 SEXTUS
1080 315 1088 324 .
1547 291 1590 328 21

180 376 354 442 scripta
379 375 656 424 authentica
672 383 908 422 exstarent
929 384 977 422 et
995 373 1212 421 confecta
1235 373 1446 437 fuissent,
1470 386 1599 441 pete-

181 453 299 512 bant
322 464 376 502 ut
397 455 498 520 ipsa
524 452 854 518 hujuscemodi
885 452 1093 518 paternis
1114 452 1175 500 de
1194 467 1244 499 se
1270 453 1598 516 promissioni÷

178 532 417 580 bussactis
446 547 692 580 assensum
707 546 848 577 suum
863 545 1075 577 annuere
1091 546 1147 577 ac
1182 538 1401 595 praestare
1422 529 1566 577 vellet
1587 549 1599 591 3

181 610 314 676 quod
333 610 373 666 si
391 609 542 657 facere
560 608 723 669 vellet,
754 606 932 655 habere
956 624 1005 655 se
1025 607 1304 655 mandatum
1323 617 1600 672 procurato-

174 686 327 737 ,ι’ἰιιιιιί
348 685 560 734 validum
576 701 605 732 a
620 684 748 732 dicto
762 684 929 732 illustri
944 685 1285 745 Maximiliano,
1297 701 1474 750 sponso
1491 702 1598 744 suo,

182 763 243 814 de
264 762 500 811 firmando
520 778 633 809 cum
650 778 707 810 ea
727 778 914 810 sacrum
933 762 1142 826 conjugii
1160 762 1312 810 foedus
1325 797 1338 822 ,
1357 762 1499 810 etiam
1518 779 1603 827 per

182 839 346 902 verba,
361 840 422 888 de
438 840 672 906 praesenti.
696 841 818 887 Sane
837 856 948 886 cum
960 839 1042 887 tali
1061 840 1253 904 conjugi
1269 849 1466 904 tamque
1478 840 1603 888 illus-

182 918 241 966 tri
263 918 479 983 copulari
496 917 715 965 eamdem
734 917 1065 982 principissam
1087 934 1255 965 omnes
1286 917 1432 964 ferme
1463 926 1604 965 terra-

182 1012 291 1044 rum
305 1012 499 1044 suarum
517 995 689 1043 accolae
699 1011 875 1058 magno
893 994 1170 1042 affectarent
1189 995 1442 1056 desiderio,
1458 994 1604 1058 idque

181 1073 271 1138 ip&
292 1073 435 1120 etiam
455 1073 624 1138 puellae
656 1071 888 1137 placeret,
920 1088 1025 1135 quae
1055 1071 1270 1137 profecto
1290 1072 1389 1135 jam
1419 1080 1605 1118 matura

182 1151 286 1198 viro
313 1166 373 1214 ac
391 1149 566 1198 nubilis
581 1150 703 1213 (erat
726 1165 870 1213 agens
894 1149 1042 1196 aetatis
1065 1149 1252 1196 circiter
1273 1165 1354 1195 xlx
1375 1148 1600 1212 annum),

183 1228 326 1292 longe
347 1229 507 1294 potius
527 1228 730 1275 nuberet
749 1228 877 1292 pari,
897 1228 979 1275 tali
1001 1227 1224 1293 copulata
1238 1228 1408 1275 marito
1426 1264 1439 1288 ‚
1460 1243 1605 1291 quam

184 1306 224 1354 si
245 1307 417 1371 nuptui
441 1306 602 1354 fuisset
620 1307 732 1354 data
751 1307 881 1370 regio
898 1305 1095 1366 delfino,
1117 1322 1267 1371 puero
1289 1306 1370 1353 vix
1387 1306 1603 1362 octenni,

184 1383 596 1448 quemadmodum
623 1384 722 1448 ipse
767 1399 850 1430 rex
889 1382 991 1430 fieri
1035 1383 1252 1430 voluerat
1289 1383 1443 1447 (erant
1477 1383 1606 1430 enim

185 1460 532 1509 Maximilianus
559 1471 606 1508 et
625 1462 783 1526 puella
812 1461 1023 1525 ejusdem
1047 1478 1197 1526 prope
1221 1461 1386 1526 aetatis)
1408 1480 1418 1508 :
1444 1462 1608 1528 paucis

185 1538 327 1603 igitur
343 1548 452 1603 post
479 1539 683 1586 emensis
701 1538 886 1600 diebus,
912 1540 1272 1587 matrimonium
1298 1541 1455 1606 ipsum
1475 1540 1607 1604 juxta

186 1616 495 1682 sponsionem
539 1627 792 1681 parentum
833 1626 904 1664 est
948 1617 1230 1665 conclusum
1274 1627 1323 1665 et
1365 1617 1607 1666 firmatum

185 1693 329 1742 etiam
350 1710 437 1758 per
457 1693 604 1742 verba
628 1694 688 1742 de
727 1695 987 1759 praesenti’.
1013 1696 1071 1742 Et
1096 1695 1374 1758 hujusmodi
1412 1696 1608 1759 quidem

187 1771 587 1819 matrimonialem
629 1780 927 1819 contractum
960 1772 1307 1820 Maximilianus
1337 1788 1423 1837 per
1457 1772 1609 1836 legiti-

187 1864 322 1895 mum
342 1859 727 1914 procuratorem,
755 1848 1043 1896 sufficienter
1065 1849 1341 1911 fundatum,
1367 1850 1469 1914 ipsa
1493 1866 1607 1896 vero

188 1925 347 1990 puella
373 1942 459 1991 per
486 1927 716 1991 seipsam,
745 1928 884 1990 gestis
911 1926 1115 1992 publicis
1151 1926 1575 1974 intervenientibus
1591 1965 1603 1986 ‚

188 2018 353 2050 coram
384 2002 601 2069 pluribus
624 2003 885 2051 illustribus
911 2003 1107 2052 testibus
1135 2004 1458 2070 perfecerunt,
1496 2021 1607 2051 cum

189 2080 338 2128 multa
360 2081 600 2129 alacritate
623 2091 670 2128 et
710 2081 868 2130 laetitia
902 2083 1120 2130 omnium
1153 2082 1247 2130 sere
1266 2083 1538 2130 accolarum
1562 2092 1608 2129 et

189 2156 492 2205 subditorum
509 2158 654 2224 ipsius
673 2159 961 2224 principissae
979 2169 1227 2207 terrarum.

252 2237 415 2298 Neque
440 2245 600 2283 tamen
631 2236 682 2283 id
715 2252 888 2299 negare
931 2237 1108 2298 ausim,
1131 2238 1437 2302 quamplures
1465 2238 1608 2284 etiam

189 2311 330 2360 fuisse
349 2313 408 2360 de
421 2312 621 2360 subditis
634 2313 778 2378 ipsius
790 2314 1093 2379 principissae,
1118 2315 1219 2378 qui,
1233 2315 1295 2361 ad
1314 2314 1609 2362 obviandum

189 2388 402 2453 periculo
435 2390 569 2456 quod
602 2391 851 2438 imminere
873 2390 933 2438 de
956 2392 1076 2455 regis
1111 2391 1440 2455 indignatione
1469 2401 1610 2455 atque

189 2465 459 2529 inimicitia,
478 2477 526 2514 et
546 2484 750 2533 praesens
782 2468 1144 2532 quodammodo
1169 2469 1470 2529 cernebatur,
1513 2485 1612 2515 ma-

189 2542 385 2593 luissent
398 2545 582 2610 placitis
603 2546 724 2609 regis
744 2545 883 2594 fuisse
910 2546 1308 2613 obtemperatum.
1345 2547 1484 2611 Atqui
1497 2582 1509 2605 ,
1544 2546 1612 2592 uti

186 2620 286 2683 jam
310 2621 531 2679 diximus,
557 2633 654 2671 tam
671 2640 819 2689 prava
841 2634 888 2671 et
905 2625 1093 2673 sinistra
1110 2626 1276 2691 opinio
1294 2625 1354 2672 de
1367 2625 1488 2688 regis
1506 2640 1612 2689 per-

246 2737 283 2773 1.
314 2738 595 2774 Procuratorem
616 2737 710 2776 dans
729 2738 766 2777 le
784 2717 1005 2777 manuscrit.

246 2798 286 2836 2.
318 2800 366 2836 27
387 2798 483 2836 avril
507 2800 624 2837 1477.
