2060 3392
498 285 574 322 244
1051 282 1324 326 ΑΡοιοθιΑ,

498 372 581 436 qui
605 373 748 419 etiam
773 372 939 418 missus
959 379 1059 415 erat
1080 369 1142 416 ad
1164 368 1415 415 dominum
1443 368 1615 414 ducem
1633 364 1901 412 Alenconii¹

495 458 542 496 et
583 448 814 512 quosdam
857 447 973 493 alios
1014 445 1238 492 dominos
1275 445 1335 492 de
1374 445 1476 510 ipsa
1506 442 1767 508 provincia.
1809 442 1904 487 Nos

493 516 652 573 autem
674 534 864 587 rogatos
887 522 1085 570 faciebat
1107 523 1345 587 quatinus,
1370 521 1431 569 ad
1459 521 1573 568 dicti
1594 520 1667 567 sui
1685 517 1903 567 desiderii

492 601 880 666 consequendum
903 599 1147 659 effectum,
1176 616 1342 665 operas
1359 608 1541 646 nostras
1563 606 1610 644 et
1630 594 1904 659 suffragium

491 679 719 744 impertiri
751 678 1003 736 vellemus,
1047 687 1219 724 extunc
1250 677 1456 723 retinens
1477 692 1566 722 nos
1602 673 1663 721 de
1704 672 1902 721 consilio

489 774 575 803 suo
599 755 687 803 sub
711 771 884 819 magna
902 764 948 802 et
963 754 1252 814 honorabili,
1275 770 1420 818 quam
1438 750 1750 818 pollicebatur
1764 748 1904 797 nobis

487 850 536 880 se
558 833 796 892 daturum,
818 834 1063 897 pensione.
1089 834 1292 896 Recepta
1313 840 1471 878 autem
1493 846 1577 877 sua
1594 827 1807 894 epistola,
1836 827 1903 874 uti

487 926 574 974 par
595 919 721 971 erat,
748 926 859 956 cum
881 909 1013 956 omni
1035 909 1297 970 reverentia
1323 918 1370 955 et
1390 908 1600 964 honore,
1626 906 1736 959 visis
1761 905 1904 953 etiam

485 986 875 1034 instructionibus
895 1003 1013 1050 quas
1034 987 1134 1051 ipse
1161 1003 1273 1033 suus
1299 985 1478 1048 legatus
1502 985 1698 1049 scriptas
1725 982 1904 1030 defere-

484 1063 590 1122 bat,
618 1064 757 1110 simu]
781 1074 828 1111 et
849 1063 1019 1111 auditis
1050 1073 1191 1127 atque
1220 1063 1465 1110 intellectis
1489 1080 1593 1128 quae
1615 1061 1904 1110 verbotenus

485 1141 688 1188 dicenda
712 1140 800 1188 sibi
819 1151 866 1188 et
887 1140 1064 1201 credita
1095 1140 1310 1200 fuissent,
1335 1140 1504 1203 gratias
1533 1141 1712 1204 egimus
1732 1139 1793 1186 de
1814 1139 1903 1200 ho-

485 1234 601 1265 nore
635 1235 779 1282 quern
814 1217 955 1264 nobis
992 1217 1227 1264 facturum
1258 1210 1589 1282 promittebat,
1633 1217 1672 1264 si
1705 1216 1767 1264 ad
1804 1216 1904 1280 ejus

484 1295 671 1342 servitia
703 1306 750 1342 et
771 1294 1001 1359 obsequia
1028 1295 1190 1354 venire
1222 1304 1269 1341 et
1305 1294 1553 1355 accedere,
1591 1293 1904 1358 quemadmo-

484 1371 601 1418 dum
641 1372 894 1420 affectuose
934 1371 1159 1435 rogabat,
1203 1371 1508 1429 duceremus;
1557 1387 1749 1433 verum,
1793 1387 1904 1418 cum

483 1449 614 1512 prius
636 1447 696 1495 ab
724 1450 907 1513 optimo
933 1463 1041 1511 rege
1070 1449 1281 1511 genitore
1305 1464 1392 1495 suo
1418 1447 1668 1512 praeventi,
1699 1447 1761 1495 ad
1783 1448 1904 1512 ejus-

430 1536 431 1539 ’
484 1541 577 1588 que
614 1525 750 1572 acciti
784 1525 1059 1585 consilium,
1101 1524 1303 1571 honesta
1340 1523 1481 1571 nobis
1519 1524 1752 1587 assignata
1787 1541 1904 1589 pen-

484 1602 635 1662 sione,
673 1602 934 1663 fuissemus,
961 1602 1310 1649 excusationem
1338 1600 1557 1648 dedimus
1576 1601 1708 1665 quod
1738 1595 1900 1664 nobis,

484 1679 647 1727 relicto
671 1680 823 1744 patris,
845 1680 1035 1727 serviti'o
1050 1717 1062 1741 ‚
1090 1680 1180 1726 nisi
1202 1678 1263 1726 ab
1293 1695 1350 1725 eo
1385 1679 1528 1741 jussi,
1563 1679 1625 1726 ad
1647 1697 1784 1727 suum
1810 1681 1905 1727 mi·

485 1757 613 1803 nime
635 1757 832 1806 transire
860 1773 1122 1821 possemus.
1163 1759 1266 1803 Hoc
1292 1757 1421 1802 enim
1451 1773 1540 1803 nec
1569 1757 1774 1820 justum,
1817 1775 1905 1806 nec

484 1831 741 1877 honestum
774 1830 914 1877 nobis
947 1847 1045 1877 esse
1081 1840 1263 1895 posset,
1308 1830 1390 1877 sed
1423 1839 1470 1877 et
1505 1830 1641 1878 valde
1672 1829 1907 1915 periculo-

486 1922 615 1966 sum,
656 1921 767 1951 cum
804 1905 913 1952 satis
951 1905 1315 1973 intelligeremus
1354 1905 1598 1967 ingenium
1641 1907 1741 1970 ejus
1782 1908 1905 1982 patri

488 1982 588 2028 fore
610 1992 907 2047 suspectum,
946 1999 1035 2029 nec
1066 1983 1125 2030 de
1148 1999 1229 2043 eo,
1266 1998 1407 2046 quem
1440 1982 1501 2030 ad
1523 2000 1672 2031 novas
1703 1994 1778 2032 re's
1797 1987 1903 2032 mo-

486 2058 668 2106 liendas
687 2060 949 2124 proclivem
985 2077 1083 2107 esse
1111 2059 1335 2107 censebat
1367 2070 1414 2107 et
1433 2059 1772 2124 cognoscebat,
1794 2063 1903 2110 satis

487 2135 746 2183 confidere.

553 2214 863 2261 Postmodum
892 2230 1006 2261 vero
1021 2248 1033 2270 ‚
1066 2231 1178 2261 cum
1203 2215 1264 2263 ab
1299 2233 1398 2263 uno
1427 2216 1580 2263 amico
1602 2203 1902 2266 intellexisse-

489 2309 595 2339 mus
628 2309 786 2356 regem
820 2293 1174 2357 inquisitionem
1216 2294 1367 2341 facere
1412 2294 1474 2341 ad
1491 2310 1630 2358 quos
1662 2295 1790 2358 idem
1819 2296 1903 2344 filii

490 2370 561 2416 sui
582 2370 760 2433 legatus
795 2371 842 2416 in
878 2372 1169 2418 Normannia
1201 2372 1376 2419 litteras
1409 2359 1678 2435 detulisset,
1709 2385 1755 2421 et
1791 2393 1902 2423 cum

491 2447 662 2511 quibus
698 2448 950 2495 secretiora
983 2448 1225 2496 habuisset
1251 2449 1515 2514 colloquia,
1556 2451 1782 2516 quodque
1817 2440 1903 2518 per

490 2525 748 2572 nonnullos
769 2525 828 2571 de
855 2524 1161 2590 primioribus
1183 2526 1460 2591 provinciae,
1487 2527 1615 2591 apud
1634 2545 1755 2592 quos
1773 2530 1901 2577 idem

490 2603 682 2648 nuntius
707 2603 877 2664 fuerat,
901 2603 1074 2649 certior
1099 2603 1246 2650 factus
1282 2603 1430 2651 suerat
1459 2604 1570 2666 quia
1603 2605 1665 2652 ad
1693 2624 1782 2654 nos
1802 2608 1900 2673 epi·

543 2766 582 2802 1.
612 2766 710 2815 Voy.
733 2772 761 2802 t.
781 2765 823 2813 1,
844 2777 883 2815 p.
909 2765 999 2802 323.
