2060 3392
447 229 450 233 ’
479 245 528 282 εει.
841 242 1184 281 HISTORIARUM
1213 241 1449 279 mnovm
1476 240 1534 287 xl

949 415 1021 461 CA
1029 414 1291 460 PITULUM
1325 416 1425 460 XV.

477 542 528 576 De
549 541 673 589 proeiio
691 537 792 573 ducis
810 537 955 572 Austriae
974 546 1007 571 et
1023 537 1049 572 F
1052 537 1289 585 lamingorum
1305 546 1426 572 contra
1439 537 1594 574 Franco·
1612 537 1704 574 inter
1715 537 1899 574 Morinum

1074 601 1109 629 et
1122 594 1298 631 Hesdincla.

543 712 664 757 Cum
686 722 800 755 vero
816 706 918 753 haec
941 704 991 752 in
1015 703 1289 768 Burgundia
1312 705 1376 753 ita
1407 704 1615 753 factitata
1638 716 1819 768 essent,
1841 724 1898 756 ex

477 783 724 834 communi
746 773 978 828 terrarum
1013 779 1246 830 Flandriae
1266 789 1313 828 et
1342 780 1543 828 aliarum
1566 780 1899 841 foederatartun

478 857 848 916 deliberatione,
888 855 1080 902 illustris
1102 854 1324 920 princeps
1362 871 1492 916 suus,
1536 854 1633 902 dux
1675 857 1866 905 Austriae
1885 895 1896 915 ‚

478 933 678 980 collecta
695 931 853 980 valida
883 930 1089 977 militum
1126 945 1275 978 manu
1291 967 1304 991 ,
1326 930 1560 996 praecipue
1590 948 1647 979 ex
1680 931 1901 982 Flandria

477 1018 524 1055 et
547 1004 1014 1064 Sancto-Odomaro,
1035 1005 1162 1052 circa
1186 1020 1399 1052 mensem
1416 1005 1622 1068 augusti¹
1639 1005 1896 1071 profectus,

475 1083 609 1146 juxta
633 1081 896 1128 Morinum²
919 1089 1070 1127 castra
1089 1089 1292 1127 metatus
1307 1090 1392 1127 est.
1418 1083 1525 1127 Non
1555 1090 1714 1128 tamen
1739 1081 1901 1130 civita·

479 1168 603 1218 tem,
630 1155 848 1219 quamvis
866 1155 976 1202 satis
1009 1165 1208 1218 angusta
1241 1154 1457 1215 exsistat,
1475 1164 1627 1203 totam
1649 1154 1902 1204 obsidione

482 1232 643 1280 cinxit.

546 1308 663 1369 Ubi,
710 1324 822 1355 cum
846 1307 1011 1372 paucis
1047 1306 1242 1355 sedisset
1272 1306 1460 1367 diebus,
1497 1318 1694 1373 accepto
1732 1309 1902 1358 nuntio

480 1382 611 1447 quod
657 1383 823 1430 Franci
865 1398 976 1428 cum
1023 1397 1200 1443 magno
1245 1382 1460 1444 equitum
1506 1392 1649 1447 atque
1689 1382 1904 1449 peditum

481 1460 688 1507 exercitu
725 1476 807 1507 eos
840 1459 1032 1523 aggredi
1062 1459 1396 1524 disponerent,
1431 1460 1686 1508 consilium
1724 1461 1907 1527 accepit

481 1555 579 1585 non
623 1554 708 1584 eos
759 1553 911 1602 prope
953 1536 1189 1602 oppidum
1231 1546 1505 1602 exspectare
1524 1573 1537 1597 ,
1583 1537 1668 1584 sed
1712 1539 1903 1586 concito

483 1631 644 1678 gressu
678 1613 861 1662 eisdem
882 1613 1077 1662 obviam
1099 1612 1355 1679 proficisci.
1383 1615 1527 1662 Motis
1558 1615 1717 1680 itaque
1744 1617 1907 1664 castris

482 1703 684 1754 mature,
706 1693 850 1758 coepit
877 1693 967 1739 iter
985 1691 1181 1740 tendere
1205 1709 1370 1741 versus
1389 1693 1625 1759 oppidum
1646 1693 1902 1755 Hesdinclz,

483 1770 674 1835 suisque
706 1768 946 1835 dispositis
985 1769 1196 1839 aciebus,
1237 1771 1458 1818 inventos
1490 1774 1698 1819 Francos
1730 1788 1908 1837 magno

481 1845 696 1911 equiturn
715 1854 858 1909 atque
878 1844 1095 1910 peditum
1112 1862 1335 1907 numero,
1358 1845 1442 1910 qui
1464 1845 1524 1893 de
1542 1845 1756 1910 ejusdem
1773 1846 1908 1895 ducis

482 1923 671 1969 Austriae
710 1922 774 1970 ad
806 1939 907 1970 eos·
930 1922 1140 1970 adventu
1182 1922 1302 1970 nihil
1341 1933 1482 1971 antea
1523 1923 1903 1990 suspicabantur,

485 2017 729 2064 aggressus
757 2001 869 2047 est³.
904 2000 963 2047 Hi
988 2010 1149 2048 autem
1188 2001 1270 2065 qui
1301 2001 1351 2048 in
1382 2002 1538 2066 prima
1565 2002 1666 2049 acie
1702 2002 1907 2050 militum

485 2079 620 2126 ducis
658 2079 801 2126 locati
844 2088 995 2140 erant,
1023 2079 1255 2144 impetum
1284 2079 1499 2143 equitum
1522 2083 1790 2127 Fancorum
1805 2095 1906 2127 non

486 2156 705 2217 ferenteS,
722 2156 894 2220 partim
915 2156 1044 2216 caesi,
1062 2157 1236 2221 partim
1249 2155 1368 2220 fugae
1389 2157 1609 2222 praesidio
1631 2166 1903 2215 evaserunt3

486 2243 534 2280 et
562 2250 619 2280 ex
641 2233 880 2296 equitibus
905 2233 1040 2281 ducis
1076 2234 1262 2282 circiter
1290 2234 1419 2282 mille
1454 2244 1503 2282 et
1535 2234 1794 2297 octingenti
1835 2234 1909 2281 fu-

487 2327 595 2373 gam
615 2321 903 2375 acceperunt
919 2327 1083 2359 versus
1104 2311 1339 2377 oppidum
1362 2311 1423 2359 de
1435 2313 1583 2358 Aere*
1595 2320 1642 2358 et
1662 2313 1910 2359 Sanctum-

541 2425 578 2461 1.
612 2425 732 2462 1479.

540 2488 579 2524 2.
608 2485 876 2525 Therouanne.

538 2550 574 2587 3.
606 2550 661 2588 Le
681 2548 841 2596 samedi,
864 2552 886 2588 7
905 2550 1013 2598 aout,
1031 2550 1087 2588 les
1105 2550 1284 2602 Franca‘is
1301 2559 1494 2603 occupant
1510 2551 1546 2589 la
1565 2559 1772 2601 montagne
1790 2550 1906 2590 d'En-

485 2609 579 2663 quin
612 2618 651 2648 et
686 2611 723 2649 le
759 2611 950 2651 mamelon
990 2611 1308 2665 d'Enquinegatte
1341 2612 1439 2651 situe
1474 2612 1635 2665 apres,
1668 2626 1718 2652 au
1752 2612 1823 2652 sud
1860 2612 1909 2651 de

483 2673 750 2715 Therouanne.

539 2740 576 2775 Ιι.
609 2738 720 2785 Aire,
742 2738 985 2786 aujourd’hui
1005 2739 1099 2778 dans
1118 2740 1153 2778 le
1172 2739 1436 2792 departement
1456 2740 1506 2778 du
1528 2741 1825 2781 Pas-de·Calais.
