2060 3392
499 317 575 356 242
1065 309 1315 351 APOLOGIA
1328 339 1338 356 ‚

948 586 1148 641 LIBER
1183 586 1445 651 PRIMUS.

843 920 1234 978 CAPlTULUM
1279 919 1563 966 PRtMUM.

521 1057 640 1092 Prima
657 1056 748 1092 ratio
766 1054 863 1091 unde
880 1054 978 1092 credi
996 1063 1111 1104 potest
1133 1054 1225 1104 regis
1242 1053 1340 1090 istius
1359 1054 1517 1102 primum
1534 1053 1717 1089 inchoasse
1734 1052 1871 1089 odium.

554 1177 636 1225 His
657 1176 799 1241 igitur
820 1177 884 1224 ita
905 1175 1193 1242 praefationis
1211 1173 1320 1223 loco
1342 1174 1614 1240 praemissis,
1636 1183 1905 1241 susceptum

487 1254 814 1318 aggrediemur
851 1271 996 1320 opus,
1031 1254 1190 1320 plures
1223 1251 1415 1299 relaturi
1448 1268 1611 1300 causas
1641 1262 1844 1316 quarum
1879 1269 1906 1300 e

487 1333 730 1380 nonnullis
761 1331 1074 1379 verisimiliter
1097 1330 1407 1389 arbitramur,
1433 1346 1491 1377 ex
1515 1329 1616 1377 aliis
1639 1345 1752 1377 vero
1775 1345 1907 1396 aper-

487 1409 663 1457 tissime
707 1418 1006 1475 compertum
1043 1405 1278 1456 habemus
1310 1407 1487 1455 dictam
1528 1407 1705 1471 regiam
1740 1418 1907 1457 contra

486 1503 575 1535 nos
595 1486 971 1551 indignationem
993 1483 1308 1532 incanduisse.

550 1562 609 1611 Et
651 1565 808 1630 primo
853 1563 1048 1628 quidem
1062 1600 1074 1624 ,
1122 1578 1233 1609 cum
1273 1577 1402 1610 anno
1444 1560 1639 1612 Domini
1689 1563 1905 1609 currente

484 1658 764 1700 mccccxmx‚
803 1641 892 1708 piae
921 1650 967 1689 et
997 1636 1170 1694 inclitae
1193 1641 1535 1689 recordationis
1569 1640 1771 1689 Karolus
1804 1657 1906 1707 sep-

484 1722 627 1768 timus
644 1737 748 1782 rex,
778 1720 920 1784 hujus
943 1714 1162 1766 moderni
1192 1716 1419 1765 Ludovici
1443 1720 1652 1782 genitor,
1676 1716 1906 1766 Norman-

483 1799 641 1860 niam,
668 1797 751 1844 diu
781 1794 844 1845 ab
868 1795 1068 1861 Anglicis
1090 1795 1138 1842 vi
1157 1805 1439 1860 occupatam
1467 1807 1513 1844 et
1539 1797 1802 1858 detentam,
1827 1810 1904 1844 ar-

485 1877 582 1924 mis*
606 1875 797 1939 aggredi
821 1885 868 1922 et
891 1888 1169 1939 recuperare
1203 1872 1484 1921 decrevisset
1501 1874 1531 1936 ¹,
1570 1870 1794 1937 contigit,
1817 1871 1906 1921 Dei

485 1954 755 2018 adspirante
791 1949 1042 1999 clementia
1073 1967 1129 1997 ac
1163 1949 1485 1999 misericordia
1502 1989 1514 2013 ,
1555 1962 1608 1999 ut
1631 1950 1764 1999 brevi
1780 1956 1904 1998 tem-

485 2032 615 2096 poris
652 2032 803 2096 spatio
844 2030 971 2077 idem
1023 2028 1230 2093 optimus
1265 2045 1347 2076 rex
1389 2039 1538 2077 totam
1578 2029 1874 2095 provinciam
1888 2065 1900 2088 ,

485 2106 631 2170 pulsis
646 2105 879 2166 hostibus,
904 2103 992 2150 sub
1010 2119 1144 2150 suam
1160 2102 1392 2165 redigeret
1410 2104 1658 2151 ditionem,
1677 2104 1764 2150 Cui
1782 2103 1902 2150 selici

487 2184 620 2247 operi
639 2193 780 2246 atque
814 2180 1104 2245 expeditioni
1126 2196 1236 2226 cum
1269 2182 1434 2243 etiam,
1471 2198 1560 2246 pro
1583 2197 1639 2227 ea
1663 2197 1805 2245 quam
1841 2180 1903 2228 ad

485 2261 687 2325 patriam
711 2275 896 2323 semper
921 2256 1178 2304 habuimus
1211 2258 1425 2317 caritate,
1460 2274 1605 2323 opera
1632 2268 1679 2304 et
1702 2259 1901 2306 consilio

488 2355 588 2385 non
606 2354 776 2402 parum
794 2352 883 2400 pro
912 2344 1074 2381 nostra
1095 2334 1214 2380 virili
1236 2334 1495 2398 adjumenti
1515 2335 1897 2397 contulissemus,

486 2432 544 2462 ex
565 2415 661 2460 hoc
693 2412 912 2460 effectum
936 2420 1006 2458 est
1032 2419 1085 2456 ut
1115 2409 1175 2455 de
1196 2411 1424 2474 parvitate
1454 2422 1615 2459 nostra
1651 2422 1697 2458 et
1727 2412 1902 2475 exigui-

487 2501 599 2551 tate,
622 2507 708 2556 per
729 2499 923 2536 cunctas
946 2488 1090 2533 ferme
1114 2487 1374 2549 Galliarum
1395 2491 1679 2553 provincias,
1705 2490 1902 2538 celebris

487 2586 587 2617 non
610 2567 911 2616 mediocriter
927 2564 1270 2611 diffunderetur
1291 2565 1415 2614 fama
1433 2578 1572 2631 atque
1595 2570 1774 2634 opinio.

554 2651 664 2695 Erat
684 2656 799 2693 tunc
824 2645 873 2691 in
899 2660 985 2691 suo
1007 2642 1268 2706 Delfinatu,
1291 2645 1492 2692 delfinus
1517 2657 1630 2694 tunc
1660 2649 1899 2696 Viennen-

542 2817 579 2853 1.
610 2816 708 2864 Voy.
732 2810 924 2850 l'Histoire
946 2811 994 2848 de
1014 2809 1170 2849 Charles
1187 2812 1280 2859 VII,
1301 2812 1328 2851 l.
1348 2814 1415 2863 IV,
1437 2812 1500 2852 ch.
1522 2815 1573 2851 12
1592 2822 1630 2852 et
1648 2814 1746 2853 suiv.
