2060 3392
690 295 829 339 LIBER
852 299 1055 338 SEXTUS.
1523 303 1571 340 39

159 384 359 444 lunam,
375 399 379 402 ’
394 388 612 434 Duacum
629 423 643 447 ,
679 389 1012 435 Corteracum¹
1045 395 1094 434 et
1120 387 1339 452 quaedam
1370 388 1481 450 alia,
1514 389 1576 437 ad

124 483 127 486 ·
157 478 216 511 ea
254 462 551 512 consolanda
573 474 623 512 et
642 480 727 529 spe
759 463 956 512 meliore
977 462 1270 526 roboranda,
1295 465 1414 514 abiit
1434 475 1577 531 atque

159 539 394 589 visitavit:
423 539 603 588 eisdem
645 539 719 587 vel
759 555 886 587 nova
925 541 1142 605 praesidia
1174 542 1380 590 militum
1414 544 1578 608 provi-

159 615 296 676 dens,
321 616 397 665 vel
416 610 576 665 vetera
595 616 803 681 adagens
821 617 1148 683 reducensque
1167 619 1424 682 validiora3
1451 621 1579 668 simi-

158 693 264 743 liter
295 695 440 744 etiam
462 710 520 743 ea
538 704 587 743 et
606 710 800 743 annona
820 697 1083 743 necessaria
1103 706 1151 744 et
1171 698 1314 745 armis
1346 708 1579 764 opportu-

160 773 233 822 nis
251 788 311 822 ac
346 773 717 839 propugnaculis
739 772 916 821 faciens
936 775 1242 823 communiri.

223 850 412 911 Quibus
441 852 662 918 peractis,
682 860 731 899 et
751 850 1028 899 confortatis
1048 851 1228 917 ubique
1254 868 1452 902 suorum
1476 857 1581 904 ani-

158 929 266 990 mis,
291 930 467 993 Brugas
491 929 663 977 iterum
684 945 734 976 se
752 929 952 994 recepit,
986 928 1070 976 ubi
1096 939 1143 976 et
1176 930 1387 978 solemne
1411 931 1581 981 festum

158 1005 354 1054 velleris
377 1007 547 1067 Aurei,
573 1007 719 1054 instar
755 1006 908 1053 soceri
945 1007 1042 1067 sui,
1075 1005 1369 1068 celebravit’,
1389 1008 1582 1059 delectis

157 1083 351 1148 collegis
381 1083 446 1132 ad
468 1099 678 1150 paucum
701 1100 955 1131 numerum
986 1100 1042 1131 ex
1062 1084 1339 1150 proceribus
1376 1096 1424 1134 et
1446 1087 1581 1136 nobi-

158 1163 287 1211 litate
315 1172 549 1214 terrarum
586 1177 805 1222 suarum,
832 1178 955 1226 quos
987 1171 1085 1210 tam
1120 1164 1304 1226 generis
1334 1163 1577 1225 nobilitas,

158 1255 326 1304 quam,
356 1255 446 1306 pro
465 1239 607 1288 rebus
634 1239 818 1287 fortiter
840 1249 888 1287 et
916 1249 1105 1288 strenue
1129 1241 1283 1303 gestis,
1309 1241 1435 1289 fama
1459 1242 1580 1290 cele-

157 1315 290 1383 brior
321 1316 583 1365 attollebat.
612 1317 746 1364 Tales
777 1317 936 1379 enim,
977 1318 1060 1382 qui
1097 1326 1289 1364 caeteros
1312 1318 1484 1366 virtute
1504 1320 1579 1367 vel

158 1395 343 1458 generis
366 1394 577 1442 claritate
598 1395 865 1459 praecellere
898 1395 1241 1455 existimantur,
1274 1405 1321 1442 et
1347 1413 1447 1444 non
1479 1397 1576 1457 alii,

157 1471 221 1521 ad
237 1472 435 1537 hujusce
463 1473 648 1537 insigne
681 1473 916 1521 societatis
934 1473 1187 1537 collegium
1216 1474 1412 1522 adscisci
1427 1485 1475 1524 et
1496 1476 1580 1524 ad-

158 1552 398 1600 numerari
423 1561 789 1599 consueverunt.

222 1629 306 1678 His
345 1628 505 1678 autem
546 1630 747 1694 peractis
767 1665 780 1688 ,
823 1646 934 1677 cum
975 1629 1146 1678 hiemis
1190 1631 1490 1701 intemperies
1531 1643 1581 1680 et

158 1714 391 1755 terrarum
433 1707 621 1754 illarum
663 1706 802 1754 solita
839 1723 1071 1771 aquarum
1112 1707 1296 1755 illuvies
1334 1709 1578 1773 utriusque

158 1782 305 1847 partis
341 1783 504 1848 copias
545 1798 645 1829 non
681 1792 923 1847 pateretur
958 1783 1008 1830 in
1032 1785 1195 1831 castris
1217 1785 1473 1843 contineri,
1498 1802 1579 1833 rex

159 1858 210 1905 in
228 1860 476 1907 Franciam
489 1891 503 1920 ,
534 1858 597 1907 ad
618 1859 744 1924 ripas
767 1860 959 1922 Ligeris,
988 1877 1088 1908 sese
1115 1863 1314 1927 recepit,
1343 1862 1580 1927 dispositis

159 1950 246 2000 per
268 1936 420 1983 varias
429 1936 654 1983 stationes
675 1936 771 1982 suis
791 1935 1020 1983 militibus
1040 1937 1089 1983 in
1103 1937 1334 1986 hibernis.
1356 1938 1578 2003 Equibus

161 2011 364 2060 Atrebati
399 2022 447 2059 et
487 2013 715 2073 Tornaci,
760 2023 808 2060 et
844 2014 893 2060 in
932 2014 1069 2062 terris
1112 2014 1365 2063 limitaneis
1403 2033 1578 2080 magna

158 2089 375 2155 praesidia
402 2090 681 2154 dereliquit3
701 2106 866 2138 curam
897 2090 1083 2139 habens
1119 2102 1263 2157 atque
1299 2093 1577 2142 sollicitudi-

159 2183 271 2233 nem
301 2184 400 2215 non
441 2179 639 2232 parvam
679 2167 832 2215 facere
864 2167 925 2215 de
962 2169 1159 2218 Francia
1196 2181 1244 2218 et
1286 2174 1577 2221 Normannia

158 2245 357 2310 aliisque
386 2243 599 2292 finitimis
635 2246 894 2310 provinciis
929 2245 1102 2293 advehi
1133 2263 1379 2296 annonam
1410 2266 1574 2298 neces-

158 2323 354 2384 sariam,
377 2332 476 2370 tam
504 2338 593 2388 pro
619 2322 789 2370 solatio
811 2324 1182 2372 Tornacensium
1195 2362 1208 2387 ,
1236 2326 1318 2389 qu'i
1341 2327 1577 2390 quodam-

161 2402 310 2450 modo
346 2403 477 2450 velut
516 2401 695 2449 obsessi
732 2403 869 2450 terris
913 2413 1055 2468 atque
1097 2404 1286 2470 oppidis
1327 2405 1578 2454 hostilibus

159 2478 489 2543 cingebantur,
508 2496 655 2545 quam
677 2481 821 2527 etiam
847 2481 1140 2546 oppidorum
1162 2483 1348 2530 Artesiae
1361 2519 1374 2541 ‚
1410 2485 1459 2530 in
1482 2498 1577 2548 qua

160 2572 332 2621 magna
377 2574 433 2605 ex
477 2567 611 2623 parte
659 2567 855 2623 propter
907 2575 1184 2623 guerrarum
1232 2561 1576 2609 immanitatem

215 2684 254 2721 1.
283 2681 399 2730 Lille,
419 2683 542 2722 Douai
555 2712 568 2731 ,
586 2682 774 2722 Courtrai,

215 2748 253 2784 2.
283 2745 464 2784 L‘auteur
481 2759 522 2784 se
539 2755 689 2797 trompe
707 2759 774 2784 sur
791 2745 971 2798 l'epoque
983 2747 1031 2785 de
1045 2755 1144 2786 cette
1161 2747 1399 2786 ceremonie:
1423 2748 1494 2786 elle
1512 2755 1577 2786 eut

161 2807 238 2846 lieu
255 2807 291 2845 le
309 2808 360 2846 30
378 2807 475 2845 avril
497 2809 613 2846 ¹478.
