2060 3392
456 221 506 290 16
818 249 1161 289 msrommum
1186 248 1424 287 mnovm1
1451 249 1507 286 xl

454 339 693 388 affinitatis
715 340 880 402 gratia,
904 337 965 385 ad
991 335 1337 383 consulendum
1357 335 1645 401 principissae
1667 346 1714 384 et
1734 339 1869 386 terris

454 419 549 465 suis
586 418 667 464 illo
705 434 754 464 se
791 416 1071 464 contulerat.
1112 416 1184 460 De
1214 429 1311 478 quo
1345 414 1471 462 sama
1513 414 1600 462 fuit
1639 396 1772 479 quod
1805 416 1868 464 ad

453 494 776 560 copulandum
798 491 1242 540 matrimonialiter
1230 493 1381 556 ipsam
1403 492 1735 557 principissam
1766 491 1865 541 filio

453 588 540 618 suo
560 575 570 597 ¹
601 570 888 630 intenderet,
914 578 959 616 et
980 569 1136 632 quod,
1153 566 1298 633 hujus
1318 569 1388 616 rei
1410 569 1575 632 gratia,
1598 568 1681 617 illo
1708 585 1866 618 acces-

451 649 597 695 sisset.
637 647 707 694 Ad
747 661 890 710 quem
933 644 1080 693 finem
1118 655 1173 693 ut
1216 646 1481 711 pertingere
1519 656 1703 711 posset,
1740 648 1864 695 miro

451 725 597 772 modo
621 724 808 778 animos
839 723 1056 770 omnium
1072 760 1085 784 ‚
1115 723 1198 788 qui
1225 723 1284 771 de
1305 724 1440 771 terris
1459 725 1750 789 principissae
1769 725 1864 773 illic

450 812 740 850 conventum
778 799 1110 864 celebrabant,
1157 801 1417 850 distrahere
1461 801 1756 866 satagebat¹,
1802 820 1864 851 ne

448 897 559 927 cum
581 896 687 943 rege
704 879 879 926 foedera
896 879 1071 927 inirent
1083 881 1115 941 ⁸,
1131 895 1251 926 neve
1266 879 1597 945 principissam
1609 894 1746 928 suam
1761 867 1862 928 ma·

447 957 671 1003 trimonio
701 956 914 1021 copulari
944 956 1085 1003 alicui
1114 956 1384 1022 principum
1419 957 1658 1020 gallicanae
1691 957 1861 1021 linguae

446 1043 740 1098 paterentur3
777 1032 861 1080 sed
894 1034 1053 1098 potius
1084 1033 1146 1081 ad
1174 1034 1381 1098 aliquem
1408 1034 1658 1082 illustrium
1685 1035 1861 1100 princi-

444 1128 561 1176 pum
588 1111 866 1174 germanicae
893 1111 1100 1159 nationis
1135 1112 1349 1159 animum
1377 1111 1622 1159 intendere
1651 1113 1855 1161 vellent:

442 1188 632 1235 illorum
661 1188 837 1253 quippe
863 1187 1035 1235 fastum
1053 1224 1066 1249 ,
1098 1189 1371 1254 superbiam
1407 1199 1548 1253 atque
1584 1189 1855 1250 avaritiam,

442 1265 644 1312 aliorum
684 1281 799 1312 vero
833 1263 1176 1329 benignitatem
1192 1303 1205 1328 ‚
1245 1265 1575 1314 liberalitatem
1608 1282 1860 1332 moresque

441 1342 678 1391 humanos
695 1353 742 1390 et
766 1342 940 1404 faciles,
969 1352 1206 1408 spectatos
1225 1354 1591 1409 compertosque
1604 1343 1869 1396 haberent..

441 1422 498 1466 Et
532 1421 627 1467 hoc
662 1421 774 1485 ipsis
811 1420 1007 1485 quidem
1044 1437 1143 1468 non
1181 1431 1282 1469 erat
1317 1421 1600 1486 persuadere
1633 1420 1826 1469 difficile
1841 1457 1873 1482 ,‚

439 1496 612 1561 quibus
634 1497 800 1545 odium
814 1535 827 1559 ,
853 1498 986 1562 quod
1012 1498 1238 1547 adversus
1265 1498 1439 1546 ducem
1471 1515 1610 1546 suum
1633 1499 1858 1547 Carolum

438 1573 795 1622 acerbissimum
817 1586 1137 1641 conceperant
1156 1613 1169 1636 ,
1191 1575 1319 1622 idem
1341 1575 1526 1623 dudum
1547 1585 1772 1624 suaserat.

502 1656 539 1699 A
570 1668 667 1715 quo
697 1652 870 1700 affectu
907 1669 995 1701 nec
1032 1653 1174 1701 alieni
1209 1662 1345 1701 erant
1384 1653 1527 1700 etiam
1567 1653 1857 1718 principissae

436 1728 629 1791 subditi,
659 1730 833 1794 quibus
858 1740 927 1777 est
956 1731 1186 1794 gallicana
1216 1731 1379 1794 lingua
1400 1739 1631 1778 materna.
1667 1731 1856 1818 Experti

435 1807 564 1855 enim
598 1807 868 1856 vicinorum
883 1809 1004 1873 ,qui
1033 1808 1123 1856 sub
1157 1809 1277 1872 regis
1298 1808 1510 1872 degunt
1498 1808 1730 1873 imperio,
1755 1809 1856 1855 mi-

436 1885 578 1933 serias
617 1895 664 1932 et
701 1886 1021 1948 calamitates,
1067 1884 1480 1952 durissimas[que]
1518 1885 1694 1950 quibus
1739 1901 1855 1950 pre-

435 1972 631 2009 muntur
652 1963 920 2025 servitutes,
946 1980 1035 2010 nec
1056 1963 1200 2011 fastus
1226 1962 1595 2026 ambitionisque
1626 1965 1698 2010 sui
1721 1954 1855 2010 ducis

436 2056 588 2105 nuper
628 2041 843 2087 exstincti
874 2041 1179 2088 immemores
1212 2042 1314 2106 (qui
1351 2057 1486 2088 more
1516 2041 1646 2105 regio
1675 2040 1852 2088 eisdem

435 2117 666 2182 imperare
687 2118 937 2165 inchoarat
956 2155 968 2179 ,
994 2128 1042 2165 et
1069 2119 1256 2183 plenius
1279 2129 1422 2183 atque
1449 2106 1772 2166 abundantius
1802 2117 1851 2164 id

434 2195 673 2260 complere
713 2195 1059 2260 disposuerat),
1101 2213 1201 2243 non
1230 2211 1519 2261 magnopere
1562 2193 1853 2259 exoptabant

434 2271 698 2336 principem
724 2272 903 2320 habere
927 2290 985 2321 ex
1007 2273 1287 2339 proceribus
1314 2290 1397 2321 seu
1421 2271 1722 2336 magnatibus
1739 2272 1852 2319 Gal-

433 2348 625 2411 liarum,
667 2367 787 2413 quos
826 2351 973 2398 ferme
1002 2367 1196 2413 omnes,
1236 2351 1414 2399 eisdem
1448 2349 1643 2413 regendi
1670 2347 1851 2396 artibus

433 2427 669 2474 institutos
700 2438 840 2491 atque
870 2429 919 2474 in
946 2429 1115 2475 eadem
1145 2428 1308 2477 schola
1335 2427 1569 2489 imbutos,
1603 2443 1704 2475 non
1725 2425 1862 2474 absi-.

434 2504 566 2552 miles
583 2505 679 2567 regi
705 2505 805 2552 fore
829 2505 1176 2570 conjectabant.

486 2621 525 2659 1.
555 2621 715 2658 Nomme
736 2624 847 2669 Jean‚
866 2634 1015 2660 comme
1032 2622 1100 2661 lui.

488 2682 527 2720 2.
556 2681 790 2733 Satagebam
806 2682 901 2722 dans
916 2684 952 2722 le
971 2697 1042 2722 ms.

486 2743 524 2780 3.
557 2743 675 2780 lniret
691 2742 785 2781 dans
809 2744 846 2782 le
866 2758 937 2785 1115.
