2060 3392
153 2399 159 2404 .
203 2328 337 2378 bant.

687 302 832 339 LIBER
874 301 1075 340 SEXTUS.
1542 305 1584 342 4¹

179 390 408 457 quodque
437 390 548 438 totis
576 388 757 437 viribus
776 388 933 437 aditus
954 404 1149 451 omnes,
1173 405 1259 454 per
1278 406 1402 454 quos
1430 390 1594 455 hujus-

180 468 368 518 cemodi
393 468 549 516 vectio
574 477 623 515 et
643 467 864 514 transitus
894 466 996 514 fieri
1023 477 1241 532 possent,
1275 479 1591 532 servarentur,

181 547 250 596 sic
280 544 413 611 quod
446 545 584 609 regiis
609 544 765 591 omnis
793 543 1088 591 inhiberetur
1118 555 1364 607 accessus,
1397 557 1597 595 conatus

181 634 341 673 tamen
364 626 376 649 ¹
400 622 542 686 h'ujus
562 620 732 687 [modi]
766 621 985 669 effectum
1029 638 1128 669 non
1164 622 1348 670 habuit.
1379 624 1598 673 Collectis

177 698 312 750 enim
348 717 407 748 ex
444 699 696 765 praesidiis,
736 715 840 763 quae
880 699 929 745 in
952 699 1204 748 limitaneis
1240 701 1395 750 locata
1431 713 1566 750 erant
1582 741 1595 764 ‚

183 778 453 845 quingentis
482 777 557 824 vel
585 778 814 824 sexcentis
841 777 1016 824 lanceis
1039 794 1150 824 cum
1177 780 1360 844 magnis
1385 780 1599 845 peditum

183 857 361 922 copiis,
393 855 542 902 duces
561 871 645 902 seu
666 855 899 920 capitanei
926 855 1040 919 regii
1059 856 1254 903 minime
1284 857 1490 904 inhiberi
1515 875 1602 924 po·

184 942 378 982 metunt
399 932 462 981 ab
480 932 556 980 his
577 933 661 997 qui
680 932 777 980 hoc
798 948 898 980 esse
920 932 1088 980 facturi
1109 933 1440 999 sperabantur,
1462 937 1597 1000 quin,

185 1026 297 1060 cum
326 1027 504 1075 magno
535 1026 739 1057 numero
773 1027 1000 1058 curruum
1024 1020 1072 1057 et
1103 1012 1379 1059 vectionum
1399 1050 1411 1070 ‚
1451 1029 1603 1060 anno-

186 1105 300 1138 nam
333 1089 458 1151 vini,
492 1088 716 1136 frumenti
733 1126 746 1151 ‚
784 1099 1152 1152 caeterarumque
1189 1106 1350 1136 rerum
1389 1107 1604 1139 necessa-

186 1168 364 1217 riarum
405 1170 676 1215 Tornacum
729 1166 1032 1227 inveherent,
1075 1177 1124 1214 et
1168 1168 1235 1215 eis
1280 1167 1606 1216 subventionis

187 1255 462 1313 praestarent
495 1245 678 1292 solatia.
729 1244 875 1302 Quod
911 1261 1023 1291 cum
1059 1244 1275 1291 fecissent
1311 1246 1573 1294 incolumes
1590 1285 1602 1309 ,

188 1323 522 1390 postmodum,
549 1322 742 1370 nemine
764 1321 1045 1382 obsistente,
1073 1321 1135 1369 ad
1162 1338 1248 1370 sua
1278 1323 1538 1372 redierunt.

257 1403 314 1448 Et
334 1401 565 1466 quoniam
582 1415 640 1447 ex
656 1400 918 1447 vastatione
935 1409 984 1447 et
999 1399 1224 1447 incendio
1244 1401 1465 1448 villarum
1484 1403 1610 1450 circa

189 1481 484 1540 Tornacum,
526 1481 818 1525 Francorum
847 1487 894 1524 et
924 1479 1296 1525 Tornacensium
1331 1480 1475 1526 animi
1510 1497 1610 1528 non

190 1572 362 1623 pamm
383 1555 447 1603 ad
471 1555 703 1602 ultionem
726 1555 1009 1619 capiendam
1032 1555 1222 1602 fuerunt
1250 1557 1501 1618 concitati,
1523 1557 1612 1622 ipsi

191 1634 346 1681 vicem
382 1633 547 1696 utique
582 1632 735 1679 multo
762 1632 1210 1697 superexcedentem
1225 1671 1238 1695 ‚
1273 1634 1534 1682 cremando
1567 1645 1615 1682 et

194 1709 464 1775 diripiendo
503 1709 638 1756 villas
674 1709 1045 1773 circumquaque
1085 1710 1318 1775 oppidum
1352 1711 1610 1765 Insulense,

196 1778 477 1835 Cortracum
502 1796 549 1835 et
573 1786 926 1844 Audenardam,
951 1787 1290 1852 rependerunt.
1316 1788 1461 1846 Quod
1486 1790 1616 1836 enim

198 1863 429 1912 damnum
450 1865 500 1911 in
523 1881 721 1911 suorum
746 1864 1057 1929 populatione
1085 1879 1310 1932 agrorum
1342 1866 1503 1912 inferri
1533 1883 1617 1931 po-

198 1951 377 2000 tuerat,
423 1957 624 2007 parvum
669 1951 811 2005 atque
849 1941 1071 2004 exiguum
1116 1953 1217 1990 erat
1258 1943 1617 2008 comparatione

198 2019 444 2067 hostilium
467 2019 836 2083 circumquaque
858 2028 1113 2078 terrarum,
1143 2021 1192 2067 in
1213 2037 1330 2084 quas
1349 2037 1431 2068 eos
1451 2038 1617 2086 perva-

202 2097 301 2161 gari
331 2106 379 2144 et
413 2095 596 2161 praedas
628 2106 770 2160 atque
803 2096 1025 2144 incendia
1055 2113 1194 2161 agere
1226 2099 1276 2144 in
1311 2108 1540 2163 promptu
1562 2114 1618 2146 ac

200 2173 422 2241 perfacile
467 2183 583 2220 erat.
629 2176 720 2220 Pro
765 2174 922 2238 parvis
961 2174 1121 2238 itaque
1137 2211 1150 2234 ‚
1201 2192 1304 2239 quae
1346 2174 1614 2236 subierant,

202 2251 413 2311 damnis,
445 2250 547 2297 sine
572 2250 930 2315 comparatione
953 2251 1135 2315 majora
1157 2268 1213 2299 ac
1245 2251 1414 2300 latiora
1449 2252 1619 2300 refere-

270 2409 376 2454 Non
413 2416 573 2454 tamen
611 2422 799 2472 semper
835 2407 1032 2473 impune
1064 2416 1110 2455 et
1146 2406 1325 2472 absque
1364 2409 1436 2456 sui
1474 2408 1622 2455 detri-

206 2496 371 2535 mento
401 2485 450 2533 id
472 2485 624 2534 facere
655 2496 766 2534 sunt
791 2487 1022 2552 permissi.
1059 2489 1180 2534 Nam
1202 2504 1314 2534 cum
1333 2487 1615 2552 aliquando,

207 2564 276 2612 uti
318 2574 587 2623 assuerant,
621 2565 746 2612 circa
780 2564 1109 2612 Audenardam
1145 2565 1436 2612 incursatum
1470 2564 1621 2611 venis-

208 2651 314 2690 sent
330 2676 344 2701 ,
370 2642 430 2689 de
453 2642 565 2706 ipsis
591 2643 781 2691 Francis
802 2642 961 2707 plures
981 2643 1053 2690 vel
1078 2643 1204 2702 caesi,
1231 2642 1304 2689 vel
1328 2642 1451 2706 capti
1485 2657 1620 2688 man-

246 2851 251 2855 ,
266 2814 304 2850 1.
339 2814 428 2849 Tum
448 2811 542 2849 dans
560 2812 706 2850 le-msc.
