2060 3392
536 331 609 368 196
898 327 1239 366 HISTORIARUM
1268 328 1506 364 LUDOVICI
1535 327 1589 363 XI

531 419 747 483 quentia,
776 428 822 464 et
844 418 910 463 rei
938 416 1116 464 bellicae
1139 416 1307 482 peritia
1334 431 1444 461 cum
1476 413 1655 476 ingenti
1675 413 1821 460 animi
1845 431 1945 462 ma-

530 495 775 558 gnitudine
788 504 928 558 atque
945 493 1161 541 audacia.
1181 493 1286 539 Fuit
1301 492 1446 552 enim,
1465 500 1519 537 ut
1530 490 1772 538 Sallustius
1787 487 1943 554 refert,

527 572 759 621 facundus
780 582 827 619 et
848 571 1044 619 callidus
1061 609 1073 632 ‚
1099 571 1238 635 eique
1271 569 1471 617 altitudo
1501 568 1790 616 incredibilis
1817 570 1947 634 inge·

526 652 592 698 nii
617 669 626 696 :
656 667 759 715 quae
782 649 977 714 quidem
1001 649 1184 712 magnis
1204 647 1453 713 praeconiis
1474 646 1744 694 extollenda
1765 641 1943 709 forent,

525 729 589 789 si,
617 727 741 775 civili
763 727 962 773 victoria
985 726 1242 773 clementer
1267 741 1407 786 usus,
1443 741 1542 771 non
1566 724 1710 772 etiam
1740 741 1873 773 arma
1896 725 1946 772 in

522 805 590 852 rei
614 803 816 870 publicae
842 803 1103 868 perniciem
1137 813 1184 850 et
1222 803 1400 849 civium
1424 802 1704 865 sanguinem
1742 801 1945 850 nimium

522 882 779 930 crudeliter
799 881 1121 929 convertisset.

586 961 886 1024 Dionysium,
911 959 1180 1006 Siculorum
1198 960 1210 983 ¹
1233 958 1434 1005 alterum
1455 967 1730 1022 tyrannum,
1747 958 1946 1022 legimus

517 1036 660 1082 etiam
683 1034 879 1081 doctum
894 1043 941 1080 et
958 1033 1215 1080 litteratum
1239 1031 1378 1079 fuisse
1406 1049 1416 1077 ε
1443 1032 1572 1079 unde
1598 1031 1775 1095 ejectus
1797 1049 1944 1096 regno

517 1122 682 1178 postea
701 1148 714 1171 ,
759 1111 887 1176 apud
927 1109 1213 1158 Corinthum
1261 1109 1480 1156 exsulans
1501 1146 1514 1170 ‚
1553 1125 1728 1174 pueros
1769 1109 1946 1158 litteras

517 1190 697 1237 docuit.

582 1270 724 1329 Nem,
753 1270 994 1314 Romanus
1010 1256 1302 1330 imperator,
1335 1265 1418 1329 qui
1443 1264 1668 1329 singulari
1693 1264 1945 1328 tyrannide

515 1354 561 1391 et
583 1344 859 1391 crudelitate
894 1343 1143 1405 insignitus
1166 1342 1386 1402 habetur,
1419 1342 1578 1389 multae
1606 1342 1877 1390 litteraturae
1898 1352 1946 1389 et

515 1422 796 1486 eloquentiae
821 1420 932 1480 fuit,
951 1430 1003 1467 ut
1019 1419 1317 1483 Tranquillus
1340 1419 1480 1466 refert
1493 1457 1506 1481 ‚
1530 1419 1877 1484 tragoediasque
1899 1430 1946 1468 et

515 1500 776 1548 comoedias
814 1515 960 1562 graece
994 1508 1041 1545 et
1086 1497 1231 1545 latine
1264 1498 1473 1546 condere
1509 1508 1652 1562 atque
1691 1498 1945 1546 decantare

515 1579 680 1637 scivit;
706 1578 771 1624 ita
795 1586 847 1623 ut
866 1575 1174 1622 histrionatus
1197 1586 1243 1622 et
1265 1576 1466 1622 mimicae
1484 1576 1596 1622 artis
1617 1576 1945 1624 excellentiam

515 1655 605 1702 sibi
638 1671 728 1720 pro
759 1654 967 1702 maxima
997 1663 1239 1716 arrogaret
1267 1653 1439 1717 gloria,
1468 1663 1762 1717 certaretque
1793 1653 1842 1700 in
1870 1653 1945 1701 his

516 1733 696 1781 artibus
716 1749 803 1798 per
824 1731 966 1778 urbes
993 1741 1040 1778 et
1067 1730 1252 1778 theatra
1275 1731 1501 1778 excellere
1525 1729 1703 1796 [supra]
1725 1741 1939 1779 cunctos.

583 1814 640 1857 Et
663 1811 727 1857 ita
746 1810 795 1856 in
821 1808 1045 1856 omnibus
1066 1808 1213 1855 ferme
1233 1824 1353 1872 quos
1375 1808 1581 1855 famosos
1598 1825 1683 1855 sua
1703 1808 1917 1872 tyrannis
1932 1811 1947 1833 ’

516 1887 737 1948 reddidit,
766 1888 859 1934 est³
881 1885 1061 1949 aliquid
1083 1886 1314 1946 invenire,
1342 1886 1471 1933 unde
1490 1887 1660 1935 merito
1686 1886 1840 1934 laudis
1863 1886 1943 1934 ali·

516 1965 632 2029 quid
658 1963 966 2011 tribuendum
991 1973 1114 2025 erat,
1148 1965 1188 2011 si
1210 1981 1309 2011 non
1341 1964 1459 2012 illud
1480 1980 1674 2012 suarum
1696 1964 1946 2012 crudelita-

516 2052 618 2089 tum
638 2042 907 2088 immanitas
928 2040 1240 2088 obscurasset.

585 2122 636 2165 In
659 2119 754 2165 hoc
776 2134 887 2165 vero
907 2117 1169 2179 Ludovico,
1198 2135 1309 2165 cum
1325 2118 1408 2165 diu
1427 2119 1723 2183 multumque
1737 2118 1944 2166 laboras-

518 2209 675 2239 semus
699 2202 752 2238 ut
772 2191 955 2254 aliquid
976 2191 1106 2238 laudi
1129 2193 1299 2240 merito
1330 2202 1467 2253 esset,
1482 2191 1613 2248 ,nihil
1631 2205 1827 2258 prorsus
1849 2192 1941 2240 tale

520 2268 659 2317 nobis
693 2285 942 2316 occurrere
974 2270 1145 2333 potuit.
1188 2272 1308 2316 Nam
1338 2270 1568 2317 litteratus
1604 2269 1801 2317 minime
1823 2269 1937 2332 fuit,

518 2347 602 2394 sed
625 2347 783 2393 minus
804 2342 1060 2409 eloquens;
1090 2347 1210 2393 nihil
1231 2347 1407 2411 quippe
1434 2346 1635 2393 omnino
1657 2346 1939 2411 eloquentiae

518 2423 711 2483 habuit,
740 2440 800 2470 ne
829 2424 878 2469 in
910 2423 1089 2485 vulgari
1115 2423 1309 2487 quidem
1333 2440 1570 2471 sermone.
1604 2425 1792 2472 Nullam
1824 2442 1938 2472 vero

518 2499 755 2546 bellorum
772 2498 989 2562 peritiam
1007 2499 1081 2545 vel
1100 2499 1247 2546 animi
1270 2498 1647 2562 magnitudinem
1663 2500 1871 2548 ostendit
1890 2517 1938 2547 se

518 2575 712 2624 habere.
742 2578 846 2621 Non
881 2575 1041 2622 dilexit
1070 2575 1306 2640 principes
1334 2576 1574 2638 sanguinis
1607 2586 1653 2624 et
1685 2578 1817 2641 regni
1839 2578 1934 2638 sui,

574 2713 589 2748 1
602 2740 611 2749 .
643 2713 715 2748 Ms.
737 2711 992 2749 sicloneorum.
1468 2702 1500 2737 ⁹

570 2775 610 2811 2.
642 2775 712 2811 Ms.
734 2786 823 2810 suas
840 2783 1033 2823 tyrannas.

575 2837 612 2874 3.
644 2837 715 2872 Ms.
738 2844 789 2872 et.
