2060 3392
441 345 518 391 252
996 346 1271 394 APOLOGIA,

440 434 626 482 efficere
652 435 788 483 vellet
811 446 951 498 atque
973 445 1174 500 optaret,
1207 435 1268 484 ab
1293 436 1359 483 eis
1389 435 1471 500 qui
1492 434 1749 483 audiissent
1768 450 1854 500 po-

440 523 558 562 terat
579 515 850 578 conjectari‚
875 514 1242 562 existimavimus
1259 513 1590 562 recusandum.

510 593 618 639 Vale
636 592 795 655 itaque
815 590 904 638 sibi
924 591 1047 638 sacto
1065 609 1154 656 pro
1171 599 1234 640 ea‘
1249 593 1368 654 vice,
1395 591 1506 639 cum
1522 608 1579 639 ex
1596 586 1854 638 Remorum'

439 667 557 714 urbe
585 685 685 715 nos
716 668 777 715 ad
803 668 1110 716 Parisiensem
1144 669 1504 716 contulissemus
1539 667 1673 732 (ubi,
1706 669 1855 735 gratia

438 746 601 806 vestri,
627 755 743 792 tunc
765 762 852 792 nos
873 745 1068 794 duxistis
1096 746 1407 810 visitandos),
1431 757 1477 793 et
1508 745 1603 793 illic
1626 762 1766 792 suum
1792 745 1854 792 ad

437 823 655 869 eamdem
706 837 841 870 suam
887 824 1194 871 Parisiensem
1238 825 1415 887 regiam
1462 822 1723 886 ingressum
1748 838 1854 888 ‘per

438 900 596 964 plures
621 901 720 947 dies
742 901 1087 966 opperiremur,
1107 905 1218 950 cum
1237 902 1321 949 diu
1337 903 1445 949 satis
1467 918 1609 966 super
1627 901 1728 966 ipsa
1745 898 1854 948 ma-ss'

437 978 554 1024 teria
578 979 939 1041 cogitassemuS,
978 989 1025 1026 et
1057 979 1117 1026 de
1136 996 1196 1027 ea
1220 997 1332 1027 cum
1352 978 1589 1044 aliquibus
1613 978 1724 1024 viris
1744 994 1854 1042 pru-

437 1053 658 1101 dentibus
712 1055 1223 1118 communicassemus,
1269 1056 1464 1103 tandem
1510 1054 1747 1102 calamum
1791 1052 1852 1100 ad

437 1131 763 1179 mandandum
795 1132 958 1179 litteris
993 1134 1165 1180 mentis
1195 1130 1366 1180 nostrae
1399 1140 1686 1196 conceptum
1716 1123 1854 1178 cartae}

435 1208 750 1256 admovimus.
783 1213 954 1256 Parum
977 1211 1106 1256 enim
1139 1220 1185 1257 et
1212 1209 1391 1274 absque
1422 1209 1578 1256 fructu
1602 1207 1854 1276 consilium

436 1284 536 1331 fore
559 1285 913 1350 reputabamus,
931 1287 1080 1350 quod,
1096 1286 1254 1334 verbis
1277 1287 1325 1332 in
1349 1302 1456 1334 aere
1473 1285 1534 1333 ad
1554 1293 1852 1331 momentum

435 1363 716 1410 sonantibus
748 1365 1029 1428 praestitum,
1066 1364 1159 1430 pro
1198 1361 1462 1427 ingentium
1497 1373 1612 1410 tunc
1645 1362 1855 1409 multitu-

436 1439 547 1487 dine
575 1458 734 1488 rerum
760 1441 1053 1504 agendarum
1084 1459 1188 1506 quae
1209 1458 1309 1489 sese
1328 1458 1462 1506 paene
1480 1439 1742 1487 innumerae
1764 1437 1854 1486 sibi

436 1516 722 1579 offerebant,
754 1518 880 1565 elabi
918 1517 1054 1565 facile
1085 1536 1114 1566 a
1145 1520 1378 1565 memoria
1411 1519 1510 1581 ejus
1540 1516 1855 1564 verisimiliter

434 1595 677 1657 potuisset.
717 1595 866 1642 Simul
898 1596 1039 1642 etiam
1077 1596 1187 1642 satis
1224 1604 1524 1660 compertum
1556 1592 1853 1640 habebamus

434 1679 532 1717 tam
563 1671 756 1736 prolixae
787 1673 1014 1720 orationis
1042 1672 1330 1720 audientiam
1344 1708 1356 1732 ,
1391 1681 1624 1736 quantum
1660 1686 1749 1735 pro
1781 1670 1852 1717 sui

434 1749 759 1812 magnitudine
782 1767 856 1797 res
877 1751 978 1815 ipsa
1003 1751 1313 1816 poposcisset,
1341 1749 1615 1797 difficillime
1637 1758 1753 1795 tunc
1772 1747 1854 1794 ob-

427 1826 582 1874 tinere
602 1828 826 1892 potuisse.
862 1827 1095 1875 Libellum
1128 1828 1270 1890 igitur
1311 1827 1373 1874 ad
1409 1826 1610 1873 modum
1642 1825 1853 1872 oratiun-

432 1903 548 1950 culae
579 1905 640 1952 ad
670 1921 781 1952 eum
813 1905 962 1953 latino
980 1921 1216 1953 sermone
1257 1904 1517 1962 edidimus,
1544 1903 1678 1966 cujus
1711 1901 1854 1949 etiam

431 1983 712 2029 sententIam
750 1993 892 2047 atque
933 1982 1169 2030 summam
1214 1982 1382 2045 gallico
1423 1981 1603 2044 vulgari
1648 1979 1855 2026 breviter

435 2061 808 2122 perstrinximus.

497 2139 550 2182 In
573 2154 671 2201 quo
705 2138 867 2186 libello
890 2155 1001 2199 cum
1030 2137 1092 2185 ad
1129 2137 1444 2197 medendum,
1485 2133 1629 2181 veluti
1658 2132 1854 2195 alicujus

433 2215 635 2275 graviter
655 2217 922 2278 aegrotantis
937 2254 949 2277 ,
985 2225 1084 2263 tam
1106 2214 1337 2279 depressi,
1373 2211 1595 2278 pauperis
1613 2219 1660 2256 et
1683 2209 1853 2273 abjecti

433 2292 599 2355 populi
627 2293 770 2340 totius
791 2294 924 2357 regni
947 2296 1238 2353 Francorum
1259 2288 1585 2353 languoribuS,
1614 2296 1854 2333 tantorum

432 2369 669 2415 malorum
710 2386 899 2430 causas,
943 2369 1072 2416 unde
1112 2378 1241 2416 tanta
1282 2367 1395 2432 ipsis
1438 2364 1629 2430 populis
1666 2364 1855 2411 miseria
1892 2390 1893 2393 =

381 2499 383 2501 ¹
432 2455 573 2509 atque
590 2446 752 2511 inopia
766 2447 1093 2511 provenissent
1110 2453 1556 2510 perseverarentque
1575 2442 1625 2487 in
1639 2441 1739 2487 dies
1752 2456 1857 2504 per-

433 2532 750 2570 scrutaremur
772 2524 911 2587 (nam
942 2521 1073 2586 quod
1098 2537 1297 2584 regnum
1318 2530 1365 2582 et
1390 2519 1562 2566 accolae
1592 2518 1692 2581 ejus
1714 2517 1857 2565 tantis

433 2600 729 2664 subJ'acerent
748 2600 883 2648 malis
905 2610 952 2647 et
973 2598 1335 2660 calamitatibus,
1355 2613 1460 2661 quae
1481 2598 1556 2644 vix
1577 2597 1675 2643 ulla
1694 2596 1856 2643 elocu-

434 2680 562 2725 tione
583 2678 830 2742 ‚adaequari
868 2687 1085 2743 possent,
1119 2686 1172 2722 ut
1209 2677 1252 2723 ei
1287 2675 1635 2740 approbaretur
1658 2673 1854 2720 minime

431 2756 750 2804 laborandum
769 2765 884 2815 erat,
906 2754 988 2802 sed
1013 2770 1359 2820 supervacuum
1379 2753 1567 2818 penitus
1588 2751 1850 2812 exstitisset,

438 2849 548 2879 cum
578 2832 725 2898 ipsius
754 2830 1026 2879 testimonio
1050 2846 1124 2877 res
1154 2829 1219 2878 ita
1243 2827 1332 2875 sibi
1364 2827 1621 2896 conspicua
1652 2836 1698 2873 et
1720 2840 1852 2877 com·
