2060 3392
433 306 522 343 156*
794 304 1140 342 EISTORIARUM
1167 302 1403 341 LUDOVICI
1430 303 1486 340 XI

430 393 549 458 cipis
568 393 639 440 sui
655 402 795 459 atque
808 391 1047 457 pontificis
1064 400 1344 456 potestatem
1363 390 1630 452 reduxerat,
1657 407 1768 439 cum
1788 409 1861 440 ex.

430 469 682 518 Hollandia
699 480 746 516 et
764 469 931 516 vicinis
951 470 1084 515 terris
1107 478 1279 517 cuncta
1301 485 1463 517 secure
1489 478 1630 534 atque
1651 469 1846 534 affluen-

428 556 500 594 ter
528 547 877 602 adveherentur
890 582 903 606 ‚
938 545 1336 611 minuebaturque
1359 547 1410 593 in
1433 545 1533 595 dies
1555 563 1714 595 rerum
1736 564 1845 596 om-

427 624 576 674 nium,
600 624 705 670 usui
745 624 849 670 vitae
890 624 1260 672 necessariarum
1303 623 1700 690 decrescebatque
1736 637 1846 691 pre-'

425 702 545 748 tium
572 718 582 747 x
611 700 740 748 unde
778 700 1101 748 exsultatioet
1139 701 1305 764 ingens
1336 701 1493 749 laetitia
1529 702 1658 767 plebi
1692 703 1844 763 inerat

424 777 620 840 hujusce
637 777 998 825 commoditates
1018 776 1108 824 sibi
1128 778 1402 843 provenisse
1416 779 1647 840 cernenti,
1669 779 1842 844 quibus

422 854 620 902 biennio
639 855 841 920 privata,
862 853 951 901 sub
969 854 1072 901 dira
1088 855 1309 902 servitute
1325 864 1639 919 tyrannorum
1655 855 1776 904 fame
1795 867 1842 905 et

421 932 622 996 penuria
649 931 865 978 omnium
891 948 1051 978 rerum
1073 932 1362 996 elanguerat.
1398 931 1514 993 Sed,
1541 931 1685 981 heus!
1715 934 1839 999 proh

421 1007 586 1056 dolor!
624 1009 901 1073 hujusmodi
929 1019 1266 1056 momentanea
1292 1009 1451 1056 laetitia
1487 1010 1662 1058 civitati
1684 1012 1839 1059 statim

419 1103 554 1134 versa
577 1097 647 1134 est
669 1087 719 1133 in
738 1087 920 1134 luctum
948 1097 994 1134 et
1020 1087 1300 1134 lamentum.
1328 1089 1448 1134 Nam
1473 1097 1583 1152 post
1606 1088 1838 1153 irruptio-

419 1181 530 1212 nem
559 1165 846 1212 Clivensium
879 1165 1050 1212 factam
1071 1203 1083 1224 ‚
1117 1164 1278 1211 denuo
1307 1165 1496 1212 civitate
1517 1165 1742 1212 omnibus
1766 1166 1838 1213 vi-

417 1243 535 1289 cinis
568 1243 703 1289 terris
730 1243 943 1300 inimica,
978 1241 1112 1290 nullo
1134 1258 1190 1288 ex
1222 1242 1367 1288 latere
1404 1242 1453 1288 in
1484 1257 1591 1288 eam
1618 1242 1840 1290 victualia

415 1320 745 1384 portabantur.
765 1324 988 1367 Poterant
1011 1320 1131 1366 forte
1151 1319 1384 1366 nonnulla
1405 1336 1463 1366 ex
1480 1319 1840 1366 transissellanis

416 1398 604 1462 oppidis
629 1397 827 1458 advehi,
855 1398 938 1445 sed
961 1415 1071 1444 cum
1094 1397 1238 1444 tantis
1260 1396 1527 1461 sumptibus
1549 1406 1596 1443 et
1617 1396 1839 1461 periculis

415 1475 547 1539 quod
566 1512 579 1536 ,
607 1491 719 1521 cum
745 1474 808 1522 ad
837 1475 1075 1522 civitatem
1099 1490 1250 1538 usque
1271 1475 1521 1538 pervenire
1542 1474 1850 1538 potuissent,

415 1563 512 1600 tam
534 1569 647 1600 caro
670 1568 726 1600 ea
747 1552 1030 1618 venumdari
1054 1551 1325 1616 oportebat,
1351 1551 1483 1614 quod
1498 1550 1651 1615 plebis
1674 1549 1835 1597 humi-

411 1628 543 1675 lioris
581 1627 643 1675 ad
673 1644 727 1674 ea
757 1626 962 1674 emenda
993 1625 1235 1673 facultates
1262 1626 1458 1673 minime
1489 1623 1787 1672 sufficiebant
1802 1627 1830 1671 ¹.

412 1707 524 1751 Erat
561 1715 676 1751 tunc
716 1720 912 1752 annona
954 1702 1134 1767 ubique
1177 1718 1313 1760 cara,
1349 1701 1433 1749 sed
1467 1718 1522 1748 ex
1554 1711 1746 1748 vectura
1787 1710 1835 1748 et

411 1784 596 1828 scorto*
615 1798 699 1828 seu
721 1781 988 1841 conductu,
1018 1780 1224 1844 pretium
1252 1778 1313 1825 ad
1337 1779 1524 1826 tertiam
1552 1787 1738 1843 partem
1758 1778 1834 1824 vel

410 1860 614 1924 amplius
646 1859 695 1904 in
727 1859 914 1905 civitate
932 1855 1248 1905 excrescebat.
1276 1855 1369 1902 Sed
1392 1866 1439 1902 et
1462 1865 1574 1902 tunc
1598 1855 1833 1902 rarissime

408 1936 569 2000 aliqua
602 1935 953 1982 invehebantur
991 1934 1053 1982 ad
1097 1934 1335 1981 civitatem
1372 1951 1382 1978 z
1418 1949 1482 1980 ex,
1510 1949 1608 1996 quo
1643 1932 1833 1978 contin-

409 2012 549 2075 gebat
570 2012 704 2075 quod
720 2012 861 2059 simul
883 2028 994 2058 cum
1016 2011 1208 2058 caritate
1232 2025 1436 2056 annonae
1458 2008 1764 2055 invalesceret
1784 2017 1831 2055 et

408 2089 570 2136 fames.

459 2257 498 2293 1.
534 2272 550 2289 α
572 2254 727 2293 Dedans
744 2254 906 2293 Utrecht
929 2254 1132 2293 n’estoient
1157 2255 1281 2293 nulles
1305 2254 1430 2293 chairs
1453 2242 1503 2292 ne
1526 2255 1711 2305 quelques
1733 2267 1823 2306 pro-

404 2316 547 2354 visions
572 2316 619 2354 de
643 2318 723 2364 sel,
749 2325 787 2355 et
803 2330 883 2369 ung
901 2325 967 2368 pot
988 2316 1036 2354 de
1054 2316 1226 2355 cervoise
1246 2329 1286 2354 se
1303 2315 1460 2354 vendoit
1478 2316 1569 2367 cinq
1585 2316 1677 2357 sols.
1700 2333 1719 2351 ι
1739 2320 1823 2355 Μο-

403 2379 517 2427 linet,
541 2388 569 2418 t.
591 2382 649 2430 11,
670 2379 784 2431 chap.
805 2393 913 2420 xcv1.

456 2444 495 2480 2.
523 2443 652 2480 Plutot
673 2452 816 2490 scorta,
843 2443 1014 2494 quoique
1041 2442 1079 2480 la
1107 2443 1230 2481 forme
1257 2451 1416 2479 scortum
1445 2440 1497 2479 ait
1527 2440 1587 2479 ete
1613 2440 1824 2479 introduite

403 2505 498 2543 dans
520 2505 557 2543 le
584 2505 767 2556 glossaire
796 2504 845 2543 de
869 2508 931 2542 Du
951 2506 1078 2556 Cange
1103 2504 1254 2555 d'aprcs
1281 2502 1475 2541 l’autorite
1499 2502 1548 2541 de
1573 2516 1618 2541 ce
1645 2515 1818 2555 passage.

401 2569 500 2606 C'est
518 2568 554 2606 le
571 2576 652 2605 mot
669 2567 832 2617 francais
853 2577 1004 2604 εει-αντε.
