2060 3392
639 298 784 334 LIBER
809 296 1079 336 SECUNDUS.
1498 294 1574 330 :575

158 383 330 450 longas
365 385 648 441 dilationum
686 387 852 439 talium
889 403 1050 441 moras
1091 395 1254 443 manet
1276 400 1466 450 semper
1501 401 1577 441 ec-

159 464 301 520 elesia
332 460 420 515 suo
449 464 555 528 jure
588 464 811 530 spoliata,
843 482 899 515 ac
934 465 1132 531 perinde
1167 480 1254 526 eo,
1294 473 1404 530 post
1444 463 1575 527 longi

158 542 388 607 temporis
424 542 628 607 spatium
661 543 870 609 privata,
909 559 966 591 ac
989 544 1029 591 si
1049 552 1217 593 contra
1238 559 1287 593 se
1310 541 1576 607 judicatum

160 619 514 684 diffinitumque
545 620 723 670 suisset.

225 699 320 750 Has
347 698 615 762 angustias,
648 699 736 746 has
757 700 1021 750 calumnias
1036 735 1049 758 ‚
1076 699 1167 747 hos
1200 699 1339 747 dolos
1361 697 1579 763 praelatos

157 774 462 830 eeclesiarum
497 776 548 823 in
576 777 826 841 provincia
859 778 1163 826 Normanniae
1186 776 1420 838 dietenus,
1455 774 1579 840 proh

157 852 301 921 dolor
319 851 333 900 l
356 854 540 920 perpeti
559 864 608 901 et
627 864 798 903 contra
826 871 1023 903 omnem
1039 855 1160 919 juris
1181 854 1451 904 communis
1480 854 1580 905 dis-

157 930 448 996 positionem
462 968 476 992 ‚
499 940 670 981 contra
704 933 901 997 scriptas
929 933 1092 998 patriae
1117 932 1509 993 consuetudines,
1534 941 1582 979 et

158 1007 443 1056 inveteratos
481 1019 623 1073 atque
657 1011 872 1058 notorios
915 1026 1028 1058 usus
1071 1011 1364 1058 anteriorum
1399 1019 1579 1075 tempo-

156 1101 290 1149 τω,
315 1088 450 1135 omni
467 1087 584 1150 juris
614 1088 790 1136 auxilio
817 1088 1067 1137 destitutos
1084 1124 1099 1147 ,
1129 1089 1359 1136 sustinere
1392 1103 1582 1136 necesse

157 1172 246 1212 est.
282 1164 428 1223 Quod
457 1165 697 1231 profecto,
727 1167 766 1213 si
788 1166 905 1214 tales
928 1167 1023 1214 sint
1055 1165 1253 1229 quibus,
1279 1166 1348 1213 uti
1372 1181 1459 1231 par
1482 1181 1582 1212 esse

113 1294 121 1302 ⁶
158 1239 380 1302 deberet,
419 1259 494 1290 res
530 1243 854 1291 ecclesiasticae
893 1253 941 1291 et
974 1253 1324 1292 sacramentum
1363 1241 1496 1306 quod
1530 1243 1581 1292 in

158 1335 245 1366 sua
266 1330 491 1385 prastant
512 1321 818 1385 promotione
860 1322 921 1369 de
959 1321 1141 1370 tuendo
1184 1331 1232 1368 et
1275 1319 1582 1368 defendendo

158 1412 353 1445 suarum
389 1398 694 1446 ecclesiarum
731 1400 863 1463 jura,
911 1410 1055 1464 atque
1091 1399 1238 1447 decor
1275 1398 1450 1447 domus
1493 1399 1582 1446 Dei

157 1489 282 1522 curae
315 1474 432 1536 sint,
469 1485 657 1523 tantum
689 1477 757 1524 eis
792 1477 1038 1525 anxietatis
1068 1487 1117 1524 et
1149 1476 1380 1524 moestitiae
1410 1475 1583 1539 ingerit

158 1559 212 1598 ut
226 1587 240 1612 ,
267 1552 360 1599 nisi
384 1551 549 1600 divino
571 1569 768 1600 munere
791 1554 1160 1619 patientissimus
1182 1554 1351 1617 aliquis
1372 1553 1578 1613 exsistat,

158 1637 313 1677 tantm
344 1629 542 1693 injurias
573 1640 715 1694 atque
749 1631 994 1679 molestias
1025 1641 1073 1678 et
1101 1630 1466 1694 inquietissimas
1486 1639 1583 1677 tur-

156 1705 376 1758 bationes
393 1707 479 1756 diu
501 1708 623 1757 ferre
645 1725 747 1756 non
771 1710 936 1774 possit.
962 1709 1051 1756 Vix
1069 1709 1200 1756 enim
1224 1708 1410 1771 aliquis,
1433 1713 1584 1772 quan-

157 1786 334 1833 tumvis
374 1786 791 1850 contemplationis
842 1795 1028 1834 amator
1079 1796 1128 1833 et
1175 1785 1403 1832 doctrinae
1448 1785 1583 1833 verbi

158 1863 246 1910 Dei
279 1878 337 1910 ac
372 1862 525 1928 plebis
568 1863 760 1910 salutari
802 1863 1101 1911 instructioni
1137 1862 1416 1910 incumbere
1454 1863 1583 1910 solli-

157 1939 278 1988 citus
309 1949 359 1987 et
389 1939 682 2003 desideranS,
714 1940 810 1991 hoc
844 1941 1099 2005 tranquille
1131 1956 1352 1988 exercere
1386 1941 1582 2005 permit-

158 2017 290 2078 titur,
327 2018 444 2081 quin
480 2017 637 2065 statim
673 2017 874 2066 stimulis
907 2018 1252 2081 insurgentium
1287 2016 1378 2065 sihi
1413 2017 1580 2065 talium

159 2101 313 2149 litium
348 2111 396 2149 et
434 2101 822 2166 quotidianarum
859 2101 1160 2165 querelarum
1180 2137 1192 2160 ,
1224 2117 1253 2148 a
1288 2117 1376 2148 suo
1416 2111 1581 2147 sancto

161 2179 409 2243 proposito
436 2178 511 2226 vel
534 2179 764 2226 alienetur
783 2178 860 2226 vel
883 2176 1177 2226 deturbetur.
1208 2177 1363 2238 Unde,
1386 2186 1584 2242 propter

160 2254 493 2321 hujuscemodi
528 2255 819 2319 effugiendas
856 2255 1208 2303 molestissimas
1240 2270 1378 2302 curas
1403 2265 1450 2302 et
1478 2271 1584 2320 per-

161 2331 480 2396 turbationeS,
515 2333 722 2383 vidimus
757 2343 892 2387 aetate
917 2343 1080 2381 nostra
1108 2332 1404 2389 venerabiles
1425 2343 1583 2399 patres

161 2411 438 2473 Hugonem,
482 2411 912 2477 archiepiscopum*
944 2410 1375 2474 Rothomagensem
1388 2446 1402 2468 ,
1457 2413 1581 2458 Mar-

162 2487 322 2535 tialem
358 2487 721 2550 Ebroicensem,
762 2487 1073 2536 Philibertum
1121 2488 1530 2536 Constantiensem
1550 2491 1578 2547 ¹,

211 2663 258 2712 -1.“
288 2673 447 2724 Hugues
472 2671 655 2725 d’Orges,
684 2673 926 2725 archeveque
953 2672 1001 2711 de
1024 2674 1189 2719 Rouen3
1212 2671 1362 2711 Martial
1390 2671 1581 2719 Formien

164 2737 313 2787 eveque
331 2730 526 2776 d’livreux
538 2765 548 2782 ,
571 2746 610 2775 et
632 2737 818 2776 Philibert
837 2737 886 2776 de
903 2738 1075 2786 Montjeu
1089 2768 1100 2786 ,
1121 2739 1269 2788 eveque
1287 2736 1335 2775 de
1353 2738 1580 2781 Coutances,

165 2801 500 2841 demissionnaires
511 2815 559 2840 en
574 2803 678 2841 11⁶3ss
692 2810 731 2841 et
749 2805 868 2843 1439.
880 2805 952 2842 Ces
965 2803 1160 2856 exemples
1172 2803 1255 2841 sont
1271 2802 1357 2840 voir
1369 2813 1445 2852 que
1458 2799 1581 2838 l'abus
