2060 3392
597 312 746 350 LIBER
781 313 1032 351 SEPTIMUS.
1451 317 1527 354 1⁹⁵

554 511 895 571 CAJ’ITULUM
940 513 1084 557 xvu.

279 653 505 704 Comparatio
521 667 662 691 morum
677 655 789 704 ipsius
803 654 850 691 ad
869 664 1002 692 veteres
1016 656 1170 704 insignes
1181 663 1364 705 tyrannos.

179 792 232 838 ln
244 788 511 856 plerisque,
534 792 617 854 qui
636 792 888 856 tyrannide
907 792 1075 840 famosi
1097 792 1250 841 effecti
1273 803 1399 858 sunt,
1425 794 1534 858 legi·

114 885 222 917 mus
238 868 461 927 nonnihil
478 870 727 917 inventum
753 887 876 934 esse,
904 870 1060 934 quod,
1089 871 1179 919 nisi
1197 872 1427 920 scelerum
1448 873 1535 920 im-

115 946 339 996 manime
358 945 633 1009 foedassent,
655 948 762 1012 jure
779 948 964 996 laudari
991 949 1239 1015 potuisset.

179 1027 234 1072 ln
281 1024 499 1086 Phalari,
555 1026 963 1090 Agrigentinorum
1003 1037 1210 1092 tyranno
1224 1064 1236 1087 ,
1282 1029 1440 1093 cujus,
1483 1041 1537 1078 ut

115 1102 281 1151 Cicero
294 1103 376 1165 ait,
392 1113 561 1168 praeter
580 1114 663 1152 aut
684 1121 827 1170 supra
848 1115 1042 1153 caeteros
1063 1107 1333 1167 crudelitas,
1352 1119 1397 1156 et
1420 1110 1538 1157 litte-

117 1193 277 1238 rarum
299 1178 517 1241 scientia,
539 1189 588 1226 et
607 1180 879 1245 eloquentia
903 1181 1014 1228 satis
1036 1181 1232 1245 insignis
1252 1184 1444 1245 enituit,
1469 1185 1538 1231 uti

115 1243 379 1304 luculenter
394 1256 654 1304 ostendunt
680 1259 863 1331 scriptae
884 1274 971 1324 per
994 1274 1106 1317 eum
1126 1259 1190 1307 ad
1211 1259 1423 1309 diversos
1443 1263 1540 1330 epi-

116 1333 264 1382 stolae.

183 1413 238 1458 In
262 1411 374 1460 Caio
393 1412 542 1459 Mario
573 1411 846 1476 eloquentia
870 1428 968 1460 non
995 1429 1142 1478 parva
1171 1412 1284 1476 fuit,
1311 1425 1365 1463 ut
1394 1416 1540 1481 ipsius

118 1487 332 1545 testi'sest
350 1488 503 1536 oratio
527 1479 673 1553 qu'ain
691 1488 753 1536 ad
770 1489 1006 1563 populum
1026 1491 1295 1538 Romanum
1313 1486 1541 1541 efficacis-

119 1565 287 1625 simam
307 1564 530 1614 habuisse
566 1565 792 1629 legimus,
827 1566 993 1632 Crispo
1035 1567 1255 1616 Sallustio
1288 1569 1536 1619 referente.

121 1645 222 1708 lpse
243 1643 436 1708 quoque
461 1644 663 1707 ingentis
685 1645 856 1703 animi,
876 1645 985 1692 licet
1007 1645 1179 1693 humili
1205 1647 1350 1713 stirpe
1372 1660 1511 1697 natus
1525 1686 1536 1708 ,

121 1719 232 1768 artis
252 1720 464 1768 militaris
485 1720 748 1801 admodpm
770 1723 948 1787 peritus
970 1732 1284 1788 strenuusque
1305 1724 1404 1772 dux
1426 1726 1537 1785 suit3

123 1811 235 1844 nam
281 1797 381 1862 ipse
430 1797 672 1859 Cimbros,
726 1799 953 1846 Romanis
1000 1799 1188 1847 arcibus
1237 1811 1284 1847 et
1339 1802 1542 1867 imperio

123 1873 385 1939 quidquam
406 1874 557 1923 hostis
579 1884 735 1940 potest
763 1876 1036 1923 minitantes
1050 1914 1062 1937 ,
1083 1877 1184 1941 jam
1218 1877 1434 1926 faucibus
1458 1882 1544 1928 Ita-

123 1950 223 2012 liae,
265 1950 506 2000 horrenda
537 1962 688 2016 strage
725 1953 923 2013 delevit3
962 1954 1272 2019 decretusque
1303 1956 1352 2002 in
1392 1957 1543 2006 Africa

124 2030 290 2082 consul
319 2041 485 2079 contra
519 2031 798 2095 Jugurtham
815 2068 827 2091 ,
864 2032 1178 2080 Numidarum
1220 2050 1379 2097 regem
1415 2036 1543 2083 calli-

124 2107 371 2157 dissimum
393 2118 535 2174 atque
552 2119 826 2179 potentem,
855 2109 991 2157 brevi
1026 2111 1252 2176 temporis
1277 2128 1437 2173 mora,
1472 2113 1540 2161 la-

123 2183 322 2243 boribus
357 2195 500 2251 atque
530 2186 719 2235 solertia
760 2187 976 2234 maximis
1018 2198 1210 2254 captum
1248 2205 1359 2236 eum
1397 2200 1538 2255 atque

125 2262 335 2311 vinctum
347 2256 551 2312 Romam
563 2265 704 2325 misit,
720 2263 995 2330 bellumque
1008 2266 1165 2330 ipsum
1181 2269 1204 2313 J
1208 2284 1235 2313 u
1242 2266 1534 2330 gurthinum,

127 2340 258 2409 quod
278 2350 386 2389 ante
419 2358 530 2389 eum
569 2341 652 2389 diu
677 2333 971 2408 protractum
1000 2343 1166 2404 suerat,
1204 2360 1375 2407 magna
1399 2345 1541 2393 felici-

128 2426 222 2466 tate
241 2418 459 2468 confecit.
486 2419 579 2468 Sed
599 2420 685 2468 has
706 2420 852 2486 ipsius
874 2420 1067 2468 virtutes
1088 2431 1135 2468 et
1158 2421 1366 2485 ingentia
1391 2422 1535 2485 facta,

131 2509 215 2560 per
235 2494 443 2546 crudelia
471 2513 557 2562 per
592 2514 703 2544 eum
732 2507 899 2562 postea
933 2497 983 2544 in
1007 2498 1227 2545 concives
1262 2508 1391 2559 acta,
1429 2515 1540 2547 cum

131 2588 180 2619 se
201 2568 454 2637 tyrannum
470 2576 773 2623 saevissimum
796 2575 1018 2623 adversus
1040 2575 1335 2624 nobilitatem
1359 2588 1404 2624 et
1427 2595 1541 2625 con·

133 2651 378 2699 trariarum
399 2654 607 2718 partium
622 2654 858 2701 studiosos
881 2653 1186 2715 exhibuisset,
1215 2654 1314 2719 ipse
1338 2655 1539 2710 nimium

132 2726 399 2776 obscuravit
415 2729 713 2794 foedavitque.

198 2804 251 2849 In
275 2804 420 2851 Lucio
441 2804 566 2867 Sylla
586 2804 673 2852 fuit
699 2815 747 2852 et
771 2805 1032 2854 litterarum
1066 2815 1260 2853 ornatus
1302 2822 1413 2852 cum
1446 2807 1542 2852 elo-
