2060 3392
718 302 864 341 unm
904 302 1107 340 SEXTUS.
1567 305 1616 341 ¹3

205 404 348 460 atque
366 392 583 443 officiarii
604 393 676 440 sui
690 430 703 452 ‚
739 408 922 456 suoque
944 390 1201 439 assidentes
1213 391 1352 439 lateri
1369 428 1382 451 ,
1408 400 1455 437 et
1474 392 1619 438 veluti

205 473 488 539 principales
519 471 692 519 domus
728 487 846 528 suae,
879 469 970 517 sibi
1009 469 1258 517 familiares
1294 469 1615 534 exsisterent),

205 549 302 598 hoc
319 560 479 598 tamen
496 549 691 596 minime
712 547 964 612 impetrare
981 547 1153 612 potuit,
1172 556 1358 594 tantum
1374 546 1437 595 ad
1451 564 1619 595 eorum

206 626 523 692 perditionem
546 623 860 672 multitudinis
881 624 1030 672 animi
1053 623 1342 672 ferebantur.

272 707 451 765 Contra
466 719 550 751 eos
567 703 725 766 igitur,
741 717 906 750 coram
923 702 1158 767 praedictis
1176 703 1341 768 oppidi
1355 702 1622 750 Gandensis

206 780 556 846 magistratibus
588 790 730 844 atque
766 779 991 842 delegatis
1029 796 1059 827 a
1089 780 1229 827 variis
1258 789 1361 826 tum
1400 780 1590 845 oppidis
1605 818 1618 841 ,

207 869 310 907 tum
328 858 523 925 privatis
538 857 834 905 diversorum
850 867 1057 904 statuum
1075 866 1123 904 et
1137 857 1370 920 graduum
1387 858 1620 923 personis,

206 946 352 1002 prout
373 950 766 999 unumquemque
795 935 990 982 ultionis
1011 934 1071 982 de
1092 935 1204 999 ipsis
1232 934 1471 999 capiendae
1492 935 1625 999 cupi·
1652 966 1654 968 v

207 1012 329 1066 ditas
343 1051 358 1075 ,
398 1013 475 1061 vel
508 1022 711 1078 acceptae
749 1011 811 1059 ab
846 1013 913 1059 eis
944 1011 1126 1075 injuriae
1155 1011 1421 1059 recordatio
1459 1028 1624 1077 perur-

208 1089 374 1154 gebat,
408 1090 469 1138 de
500 1089 696 1137 diversis
732 1088 885 1135 causis
917 1097 965 1135 et
996 1088 1214 1153 capitulis
1251 1089 1446 1151 quaestio
1477 1088 1625 1136 habe-

206 1167 366 1221 batur.
409 1169 562 1235 Super
595 1166 771 1231 quibus
800 1182 911 1212 cum
949 1164 1033 1212 diu
1063 1166 1202 1227 satis,
1239 1165 1302 1214 ad
1329 1166 1627 1214 instruendas

209 1246 595 1294 criminationum
631 1260 819 1306 causas,
860 1244 1002 1291 etiam
1040 1259 1190 1308 usque
1219 1243 1281 1291 ad
1319 1245 1627 1308 quaestionem

210 1324 272 1372 de
305 1323 418 1390 ipsis
443 1333 726 1388 acceptam,
770 1337 1019 1387 processus
1058 1320 1293 1369 deductus
1335 1322 1628 1387 agitatusque

211 1401 371 1450 fuisset
387 1437 400 1461 ,
426 1400 807 1465 ducerenturque
843 1398 1035 1465 publice
1070 1397 1131 1446 de
1165 1398 1324 1445 multis
1351 1399 1630 1447 criminibus

210 1479 321 1527 satis
343 1477 622 1527 enormibus
653 1479 702 1525 in
725 1478 831 1541 jure
865 1477 1067 1524 confessi
1100 1486 1148 1523 et
1176 1477 1406 1539 convicti,
1434 1478 1630 1525 tandem

210 1556 461 1622 capitalem
482 1556 763 1603 sententiam
784 1562 1119 1620 acceperunt.
1090 1556 1102 1578 ¹

277 1635 335 1679 Et
357 1632 574 1697 quamvis
591 1648 621 1679 a
642 1631 838 1678 diversis
865 1630 1004 1678 valde
1032 1629 1306 1678 differenter
1332 1630 1394 1679 de
1415 1631 1631 1696 capitulis

210 1709 466 1757 criminum
482 1746 496 1770 ,
528 1725 618 1774 pro
644 1708 822 1773 quibus
858 1707 1091 1773 supplicio
1120 1707 1378 1771 adjudicati
1411 1707 1627 1772 fuerunt,

212 1784 481 1848 referretur,
521 1786 634 1834 talia
665 1795 857 1846 tamen,
898 1785 1021 1831 inter
1054 1784 1233 1846 multa,
1265 1785 1412 1831 retexi
1450 1801 1480 1832 a
1518 1786 1632 1833 viris

213 1862 527 1928 prudentibus
546 1861 840 1922 audivimus,
866 1877 971 1924 quae
999 1861 1127 1924 leges
1147 1877 1356 1908 romanae
1376 1871 1632 1909 sanxerunt

213 1939 383 1990 ultimo
413 1941 647 2006 supplicio
682 1938 927 2005 punienda
951 1956 962 1985 :
992 1954 1269 2002 quanquam
1300 1938 1632 2003 hujuscemodi

215 2017 441 2083 pleraque
467 2018 578 2066 talia
607 2026 741 2064 erant
754 2054 766 2078 ,
801 2033 906 2080 quae
923 2054 936 2077 ,
975 2016 1098 2063 duce
1126 2017 1300 2064 Carolo
1335 2017 1599 2082 imperante
1616 2056 1629 2079 ,

215 2096 412 2143 minime
431 2113 521 2162 pro
541 2096 741 2143 crimine
764 2093 1080 2142 ducebantur.
1106 2095 1246 2158 Atqui
1267 2095 1483 2160 profecto
1501 2133 1513 2156 ‚
1548 2097 1633 2144 etsi

215 2173 276 2220 de
292 2173 509 2239 pluribus
520 2172 924 2221 concussionibus
940 2183 988 2220 et
1009 2172 1397 2238 corruptionibus
1414 2175 1481 2221 rei
1504 2183 1633 2222 tene-

215 2260 395 2314 rentur,
421 2268 478 2299 ea
505 2261 662 2299 tamen
696 2251 941 2316 potissima
971 2251 1079 2298 neci
1113 2260 1160 2297 et
1184 2251 1417 2316 supplicio
1445 2250 1635 2315 adjudi-

214 2329 357 2377 candi
383 2329 524 2377 fuisse
551 2346 579 2376 a
611 2327 1001 2394 prudentioribus
1021 2344 1165 2375 causa
1189 2326 1463 2393 putabatur,
1489 2345 1635 2392 quare

215 2421 300 2454 eos
332 2405 393 2454 de
425 2406 584 2454 medio
615 2406 787 2454 auferri
828 2406 1083 2452 multitudo
1120 2406 1355 2470 praecipue
1386 2405 1636 2453 affectabat

217 2483 367 2548 quod,
392 2484 454 2532 de
478 2483 780 2531 conciliando
802 2500 915 2530 cum
936 2500 1045 2546 rege
1066 2499 1253 2548 pacem,
1272 2493 1320 2530 et
1337 2483 1636 2548 copulando¹

218 2577 354 2610 suam
380 2562 710 2628 principissam
742 2561 1049 2609 matrimonio
1077 2577 1189 2608 cum
1214 2559 1313 2607 filio
1345 2561 1471 2624 ejus,
1495 2559 1634 2608 affec·

219 2638 400 2686 tionem
418 2655 578 2703 gerere
600 2638 913 2687 aestimabant.

274 2747 314 2783 1.
343 2745 514 2794 Lejeudi
532 2746 651 2795 saint,
672 2749 695 2785 3
716 2722 951 2784 milui-17.

261 2810 316 2867 ¹2.
349 2810 607 2859 copulandam
623 2808 718 2846 dans
735 2808 772 2846 le
792 2821 863 2847 ms·
