2060 3392
463 225 466 230 ’
489 246 512 281 2
847 239 1190 278 HISTORIARUM
1217 236 1454 275 mnovmi
1482 236 1537 273 >n

488 332 708 379 servitute
739 328 943 376 liberatae
980 325 1151 372 forent.
1180 323 1417 372 Putabant
1446 323 1577 371 enim
1606 323 1740 388 quasi
1777 340 1899 388 quo-

487 408 599 457 dam
619 405 910 473 postliminio
933 402 1138 468 priscam
1157 417 1207 450 se
1223 417 1524 467 recuperasse
1548 400 1832 462 libertatem,
1855 410 1901 448 et

484 486 628 534 veluti
666 484 785 531 dura
824 480 1089 546 captivitate
1120 479 1332 541 solutos3
1360 479 1490 543 gravi
1527 479 1669 527 etiam
1696 488 1828 527 metu
1850 495 1901 527 se

485 560 754 627 gaudebant
785 567 1050 622 exempt05‚
1089 573 1187 620 quo
1227 566 1423 622 perante
1461 572 1648 621 pressos
1673 572 1723 603 se
1758 555 1900 604 fuisse

484 638 818 696 meminerant,
844 645 891 682 et
909 633 1047 681 valde
1063 635 1308 682 exterritos
1345 633 1647 682 atrocissimis
1669 649 1726 680 ac
1743 634 1922 696 saevisg

482 714 610 762 simis
641 712 807 778 minis,
845 726 963 774 quas
987 710 1055 758 eis
1083 710 1252 776 saepius
1280 711 1518 772 intulerat,
1544 726 1603 758 eo
1629 709 1763 774 quod
1800 710 1901 774 ejus

481 790 714 838 mandatis
746 788 808 836 ad
838 797 1009 835 nutum
1043 787 1189 852 ipsius
1221 787 1418 835 minime
1451 787 1732 852 paruissent.
1761 786 1900 854 Unde

478 885 578 916 non
604 868 874 915 luctuosum
909 866 985 913 vel
1019 865 1236 913 moeroris
1249 903 1261 927 ,
1288 865 1371 913 sed
1394 866 1552 931 potius
1568 865 1817 913 hilaritatis
1852 875 1900 913 et

477 947 640 994 laetitiae
664 945 908 1004 nuntium,
939 944 1039 1007 ejus
1066 960 1182 991 nece
1207 942 1394 1004 audita,
1425 960 1476 991 se
1497 943 1732 1009 accepisse
1761 959 1899 1009 repu-

476 1024 658 1072 tabant.
1771 1017 1774 1019 ’

539 1102 657 1150 Satis
676 1109 835 1148 autem
872 1099 985 1146 huic
1007 1098 1076 1146 rei
1097 1096 1328 1145 indicium
1361 1096 1494 1145 dedit
1514 1096 1648 1161 quod
1679 1098 1731 1144 in
1756 1097 1898 1144 nullis

476 1179 622 1227 ferme
641 1177 876 1225 dictarum
896 1187 1131 1224 terrarum
1150 1175 1476 1238 insignissimis
1497 1173 1715 1239 oppidis,
1741 1189 1898 1238 neque

474 1257 536 1304 ad
571 1259 724 1303 Deum
754 1253 1122 1319 supplicationes
1152 1269 1242 1318 pro
1279 1253 1428 1300 salute
1462 1253 1633 1300 animae
1661 1269 1756 1300 suae
1771 1289 1785 1314 ,
1813 1269 1898 1300 ne-

478 1350 570 1398 que
596 1332 923 1395 exsequiarum
946 1331 1201 1392 solemnia,
1223 1330 1291 1377 uti
1311 1328 1412 1396 fieri
1435 1330 1484 1376 in
1506 1328 1680 1377 talibus
1699 1329 1895 1391 assolet,

475 1411 663 1476 publice
688 1410 818 1457 factae
844 1409 920 1456 vel
941 1407 1116 1456 habitae
1134 1418 1262 1455 sunt.
1300 1407 1394 1455 Sed
1416 1407 1476 1455 de
1506 1407 1628 1469 hoc,
1670 1407 1817 1455 veluti
1839 1406 1898 1455 de

474 1504 529 1536 ea
559 1505 608 1534 re
634 1487 694 1534 de
718 1503 814 1551 qua
839 1486 958 1534 nulli
979 1486 1155 1533 civium
1182 1486 1255 1533 vel
1278 1485 1582 1533 subditorum
1607 1501 1724 1533 cura
1751 1495 1894 1547 esset,

474 1566 591 1612 mire
607 1565 847 1612 silentium
859 1563 955 1612 fere
978 1563 1159 1628 ubique
1180 1563 1401 1611 habitum
1424 1572 1510 1610 est.
1540 1562 1720 1627 Agebat
1736 1573 1897 1611 autem

474 1652 757 1690 cunctorum
774 1642 961 1690 animos
982 1641 1233 1689 alacriores
1254 1658 1383 1706 spes,
1401 1658 1547 1705 quam
1559 1640 1649 1689 sibi
1662 1657 1899 1707 propone-

474 1718 592 1767 bant
609 1757 621 1781 ,
640 1719 868 1768 libertatis
906 1720 1072 1767 futurae
1089 1757 1102 1781 ,
1122 1719 1279 1784 quod,
1305 1736 1364 1767 eo
1381 1719 1601 1767 videlicet
1637 1719 1866 1768 exstincto
1881 1755 1894 1779 ,

476 1813 505 1844 a
526 1797 747 1859 gravibus
764 1798 854 1845 illis
875 1796 1187 1845 collationum
1211 1807 1258 1845 et
1275 1797 1575 1861 vectigalium
1611 1807 1753 1861 atque
1780 1797 1897 1844 assi-

479 1875 672 1936 siarum,
698 1874 873 1939 quibus
905 1874 994 1922 sub
1027 1890 1087 1922 eo
1118 1873 1482 1940 premebantur,
1508 1873 1736 1922 oneribus
1757 1872 1896 1921 liberi

480 1951 808 2016 immunesque
839 1960 1106 2000 manerent.
1136 1954 1194 1999 Et
1237 1951 1469 2017 quoniam
1487 1987 1500 2014 ,
1524 1961 1579 1999 ut
1613 1951 1780 1999 Cicero
1802 1949 1897 1999 ele-

483 2038 646 2092 ganter
668 2030 717 2076 in
743 2029 836 2076 suis
865 2028 1044 2077 Officiis
1065 2030 1243 2094 inquit,
1289 2048 1313 2075 «
1339 2029 1544 2078 acriores
1579 2030 1694 2077 sunt'
1711 2043 1899 2077 morsus

482 2105 754 2153 intermissae
787 2105 1037 2168 libertatis,
1064 2117 1210 2170 quam
1242 2116 1433 2155 retentae
1446 2143 1460 2168 ,
1489 2126 1512 2150 »
1539 2106 1771 2154 dictarum
1802 2115 1896 2152 ter-

483 2198 644 2230 rarum
660 2183 853 2248 populi,
882 2184 1026 2231 veluti
1046 2184 1175 2231 durae
1195 2184 1476 2250 captivitatis
1489 2184 1606 2248 jugo
1622 2183 1794 2249 erepti,
1813 2199 1898 2248 per

484 2262 645 2309 omnia
669 2261 763 2309 fere
785 2262 974 2309 illarum
994 2272 1229 2310 terrarum
1261 2261 1467 2328 oppida,
1514 2261 1739 2309 adversus
1765 2260 1895 2322 illos,

484 2338 567 2401 qui
582 2339 631 2385 in
653 2339 831 2387 eisdem
848 2339 1035 2405 oppidis
1055 2357 1084 2388 a
1102 2341 1318 2406 principe
1329 2339 1626 2404 magistratus
1645 2338 1721 2386 vel
1742 2337 1900 2386 officia

484 2426 763 2480 acceperant
778 2453 790 2477 ,
819 2417 959 2465 veluti
983 2434 1065 2465 eos
1091 2418 1244 2484 ipsos,
1268 2418 1351 2482 qui
1381 2434 1431 2466 se
1449 2416 1568 2465 dure
1591 2426 1733 2480 atque
1754 2414 1898 2463 servi-

483 2492 587 2539 liter
603 2494 969 2558 oppressissent,
994 2495 1236 2559 insurgere
1255 2504 1502 2560 coeperunt
1519 2504 1566 2541 et
1585 2491 1863 2540 tumultuari
1883 2509 1893 2537 z

484 2571 740 2633 praesertim
762 2580 927 2618 contra
953 2571 1160 2634 nobiles,
1190 2573 1274 2637 qui
1301 2573 1351 2620 in
1383 2571 1573 2638 oppidis
1606 2571 1815 2636 regimen
1852 2578 1900 2617 et

484 2644 939 2694 administrationem
968 2647 1252 2697 habuerant.
1280 2652 1338 2695 Et
1358 2665 1416 2696 ex
1444 2649 1555 2714 ipsis
1579 2648 1775 2711 quidem
1798 2663 1899 2694 ma-

483 2722 748 2786 gistratibus
781 2733 922 2788 atque
947 2724 1185 2774 officiariis
1209 2725 1396 2791 plures,
1431 2726 1482 2773 in
1511 2725 1652 2773 variis
1681 2724 1870 2794 oppidis
1877 2759 1892 2794 ⁹.
