2060 3392
618 334 767 375 LIBER
792 333 993 372 SEXTUS.
1455 336 1506 372 49

95 437 205 469 rum
224 437 337 470 cum
358 422 418 469 eo
436 430 732 485 treugarum,
761 429 1098 486 occupaverat,
1129 437 1216 468 suo
1245 420 1359 468 duci
1387 422 1507 486 ejus-

94 514 192 564 que
209 498 404 562 conjugi
432 514 600 546 omnes
631 498 912 546 restitueret.
953 496 1098 556 Quod
1127 507 1253 546 certe
1279 515 1398 546 num
1425 516 1507 547 rex

95 572 318 625 facmrus'
333 576 478 642 foret,
501 577 685 624 cunctis
720 575 867 623 ferme
888 574 1165 623 incredibile
1187 586 1330 641 atque
1350 578 1508 643 inopi·

96 651 258 703 nubile
274 652 546 701 videbatur.
560 711 562 714 Ι

150 731 300 783 --Unde
327 733 378 780 in
411 732 542 781 dicto
574 743 840 794 conventu,
873 750 984 781 cum
1020 735 1081 781 de
1123 734 1307 795 multis,
1339 745 1510 783 statum

94 817 329 857 terrarum
350 809 486 858 ducis
506 809 927 872 concernentibus,
952 811 1265 858 deliberatum
1292 812 1401 859 satis
1428 812 1512 859 diu

95 885 221 934 inter
240 887 398 934 Stams
413 886 692 950 hujusmodi
717 897 952 935 terrarum
973 898 1021 934 et
1045 889 1306 952 patriarum
1327 888 1511 949 fuisset,

95 963 159 1012 de
175 964 504 1030 providendo,
524 975 623 1013 tam
642 965 704 1012 de
727 965 895 1013 militia
919 966 1181 1012 necessaria
1201 965 1265 1012 ad
1287 965 1516 1014 obsisten—

96 1036 216 1087 dum
239 1038 421 1109 viribus
457 1040 596 1102 regis,
634 1056 781 1103 quam
810 1039 872 1086 de
905 1039 1093 1086 tributis
1130 1040 1434 1105 imponendis
1470 1052 1517 1088 et

96 1112 374 1176 colligendis
393 1113 456 1162 ad
478 1113 716 1179 stipendia
746 1114 923 1161 militiae
958 1115 1176 1162 facienda
1205 1126 1516 1180 sumptusque

97 1188 409 1249 nomades,
447 1197 495 1235 et
530 1188 591 1235 de
623 1188 828 1236 ducibus
842 1226 856 1250 ,
888 1198 1030 1254 atque
1064 1189 1232 1236 ordine
1277 1200 1325 1238 et
1363 1190 1517 1237 forma

97 1260 148 1309 in
167 1259 298 1310 hello
325 1261 562 1310 habendis
585 1273 632 1310 et
660 1263 903 1324 tenendis,
934 1264 1179 1311 conclusio
1202 1275 1398 1329 accepta
1418 1276 1513 1325 est,

97 1347 327 1403 tanquam
359 1348 542 1386 certum
572 1349 620 1386 et
650 1339 975 1387 indubitatum
997 1339 1229 1388 ducerent
1258 1341 1321 1388 ad
1348 1341 1515 1389 recidi-

98 1433 214 1466 vum
231 1406 418 1466 bellum
443 1418 546 1466 fore
567 1418 939 1467 deveniendum.

160 1495 269 1543 Fuit
294 1505 455 1543 autem
489 1513 569 1543 rex
592 1513 679 1561 per
708 1496 893 1560 aliquos
920 1512 1108 1543 menses
1129 1496 1383 1558 hiemales,
1409 1509 1519 1545 ante

97 1583 146 1621 et
184 1574 311 1622 circa
349 1574 466 1622 festa
505 1574 758 1622 dominicae
795 1574 1139 1621 lucarnationis
1152 1612 1165 1635 ,
1209 1576 1259 1621 in
1302 1575 1515 1639 quodam

10 1650 23 1698 .“
96 1659 252 1699 castro
284 1651 406 1699 ultra
433 1651 852 1715 flumen-Ligeris,
889 1651 1018 1699 circa
1051 1654 1387 1716 Caynonem¹3
1431 1652 1514 1699 ubi

0 1724 18 1777 .’
97 1744 209 1776 cum
222 1764 238 1790 ‚
282 1728 620 1776 venationibus
653 1739 701 1776 et
741 1727 1069 1793 voluptatibus
1100 1730 1196 1776 suis
1236 1740 1288 1776 ut
1326 1741 1514 1778 vacaret

95 1803 290 1853 liberius
303 1841 317 1866 ,
344 1806 436 1853 nisi
451 1805 703 1871 perpaucis
726 1805 790 1852 ad
808 1822 858 1852 se
881 1805 1067 1853 aditum
1093 1804 1259 1852 haberi
1282 1823 1382 1853 non
1404 1823 1514 1871 per-

97 1882 327 1943 mitteret,
355 1893 426 1944 et,
459 1883 697 1948 dispositis
728 1898 927 1929 suorum
957 1881 1210 1929 satellitum
1245 1900 1331 1948 per
1364 1885 1517 1949 spatia

96 1957 398 2019 custodibus,
422 1959 545 2019 vias,
568 1976 654 2023 per
671 1975 790 2023 quas
813 1959 1013 2024 propior
1032 1958 1099 2007 ad·
1119 1976 1168 2006 se
1190 1976 1405 2009 accessus
1425 1961 1513 2010 ha-

3 2071 13 2082 ,
96 2035 199 2084 beri
214 2037 469 2102 potuisset,
490 2037 663 2084 faceret
681 2036 909 2084 custodiri
928 2056 939 2083 :
959 2054 1017 2084 ex
1034 2053 1092 2084 ea
1110 2053 1162 2085 re
1181 2054 1347 2086 rumor
1363 2040 1511 2087 maxi-

97 2131 204 2163 mus
224 2113 461 2162 increbuit
482 2131 567 2179 per
588 2131 756 2162 omnes
782 2124 927 2161 terras
951 2114 1108 2176 ducis,
1135 2116 1269 2178 quod
1299 2117 1398 2181 ipse
1428 2134 1509 2164 rex

96 2194 145 2240 in
166 2193 310 2240 talem
336 2194 550 2258 corporis
567 2193 640 2240 sui
662 2192 1036 2240 invaletudinem
1066 2194 1352 2255 incurrerat,
1377 2195 1508 2258 quod

95 2273 369 2336 nunquam'
391 2288 481 2320 nec
516 2288 666 2335 equo,
698 2288 787 2318 nec
819 2288 963 2318 curru
992 2273 1167 2319 vectari
1202 2284 1385 2338 posset,
1420 2292 1509 2322 nec

96 2346 207 2394 inde
227 2347 325 2394 ulla
345 2346 643 2394 medicorum
674 2363 767 2411 ope
791 2356 874 2394 aut
899 2345 1131 2394 industria
1156 2349 1502 2398 convalescere.

95 2423 190 2481 Qui
221 2438 387 2471 rumor
421 2424 599 2471 nedum
631 2434 779 2471 terras
809 2423 943 2471 ducis
957 2461 969 2484 ,
995 2423 1079 2470 sed
1107 2425 1334 2489 plurimas
1362 2428 1504 2477 etiam

11 2556 13 2558 ¹
95 2501 229 2564 regni
254 2502 523 2566 provincias
543 2502 686 2565 vulgo
705 2501 1008 2566 adimplevit3
1037 2502 1101 2549 ita
1124 2512 1176 2549 ut
1199 2504 1342 2551 etiam
1368 2522 1503 2566 eum,

151 2665 190 2701 1.
220 2662 365 2715 begere
383 2663 655 2702 inexactitude.
676 2666 730 2702 Le
746 2663 805 2702 roi
823 2662 915 2700 etait
935 2665 958 2700 a
977 2662 1149 2701 Thouars
1179 2666 1201 2701 a
1224 2664 1260 2702 la
1284 2665 1336 2703 fin
1364 2665 1412 2703 de
1436 2666 1510 2704 de·

95 2723 251 2779 cembre
271 2727 397 2773 14783
417 2726 511 2764 mais
529 2726 554 2764 il
574 2739 685 2778 passa
705 2740 781 2765 une
797 2725 920 2778 partie
938 2725 987 2763 de
1005 2725 1146 2764 few-ier
1164 2735 1201 2764 et
1216 2726 1265 2766 de
1284 2740 1384 2765 mars
1404 2730 1507 2766 1479

95 2799 174 2825 aux
190 2788 347 2838 ForgeS,
368 2788 455 2839 pres
474 2788 522 2826 de
538 2788 701 2827 Chinon.

151 2852 190 2889 2.
222 2849 348 2887 Plutot
364 2864 559 2900 nusquam.

230 2927 276 2952 ux
1276 2918 1298 2954 4
