<?xml version="1.0" encoding="UTF-8"?>
<!DOCTYPE html PUBLIC "-//W3C//DTD XHTML 1.0 Transitional//EN"
    "http://www.w3.org/TR/xhtml1/DTD/xhtml1-transitional.dtd">
<html xmlns="http://www.w3.org/1999/xhtml" xml:lang="en" lang="en">
 <head>
  <title>
</title>
<meta http-equiv="Content-Type" content="text/html;charset=utf-8" />
  <meta name='ocr-system' content='tesseract 3.04.00' />
  <meta name='ocr-capabilities' content='ocr_page ocr_carea ocr_par ocr_line ocrx_word'/>
</head>
<body>
  <div class='ocr_page' id='page_1' title='image "./histoiredesrgn03basiuoft_0331.png"; bbox 0 0 2060 3392; ppageno 0'>
   <div class='ocr_carea' id='block_1_1' title="bbox 727 289 1619 328">
    <p class='ocr_par' dir='ltr' id='par_1_1' title="bbox 727 289 1619 328">
     <span class='ocr_line' id='line_1_1' title="bbox 727 289 1619 328; baseline 0 -1"><span class='ocrx_word' id='word_1_1' title='bbox 727 289 876 327; x_wconf 81' lang='lat' dir='ltr'>LIBER</span> <span class='ocrx_word' id='word_1_2' title='bbox 902 289 1101 328; x_wconf 82' lang='lat' dir='ltr'>PRIMUS.</span> <span class='ocrx_word' id='word_1_3' title='bbox 1548 290 1619 327; x_wconf 79' lang='lat'>281</span> 
     </span>
    </p>
   </div>
   <div class='ocr_carea' id='block_1_2' title="bbox 213 377 1637 1456">
    <p class='ocr_par' dir='ltr' id='par_1_2' title="bbox 213 377 1632 991">
     <span class='ocr_line' id='line_1_2' title="bbox 214 377 1626 445; baseline 0 -18"><span class='ocrx_word' id='word_1_4' title='bbox 214 379 356 445; x_wconf 80' lang='lat' dir='ltr'>positi</span> <span class='ocrx_word' id='word_1_5' title='bbox 371 416 385 441; x_wconf 94' lang='lat'>,</span> <span class='ocrx_word' id='word_1_6' title='bbox 415 378 607 437; x_wconf 83' lang='lat' dir='ltr'>cuidam</span> <span class='ocrx_word' id='word_1_7' title='bbox 632 379 800 428; x_wconf 92' lang='lat' dir='ltr'>cadeto</span> <span class='ocrx_word' id='word_1_8' title='bbox 821 378 1024 426; x_wconf 83' lang='lat' dir='ltr'>Dalbret</span> <span class='ocrx_word' id='word_1_9' title='bbox 1041 382 1072 440; x_wconf 88' lang='lat'>¹,</span> <span class='ocrx_word' id='word_1_10' title='bbox 1103 377 1263 426; x_wconf 84' lang='lat' dir='ltr'>traditi</span> <span class='ocrx_word' id='word_1_11' title='bbox 1297 378 1506 440; x_wconf 86' lang='lat' dir='ltr'>fuerant,</span> <span class='ocrx_word' id='word_1_12' title='bbox 1543 380 1626 444; x_wconf 87' lang='lat' dir='ltr'>qui</span> 
     </span>
     <span class='ocr_line' id='line_1_3' title="bbox 214 457 1628 523; baseline 0.001 -18"><span class='ocrx_word' id='word_1_13' title='bbox 214 473 298 505; x_wconf 84' lang='lat' dir='ltr'>eos</span> <span class='ocrx_word' id='word_1_14' title='bbox 318 457 381 506; x_wconf 83' lang='lat' dir='ltr'>ad</span> <span class='ocrx_word' id='word_1_15' title='bbox 401 474 523 522; x_wconf 89' lang='lat' dir='ltr'>quos</span> <span class='ocrx_word' id='word_1_16' title='bbox 537 457 677 505; x_wconf 91' lang='lat' dir='ltr'>libuit</span> <span class='ocrx_word' id='word_1_17' title='bbox 698 474 810 504; x_wconf 91' lang='lat' dir='ltr'>usus</span> <span class='ocrx_word' id='word_1_18' title='bbox 828 458 1067 522; x_wconf 88' lang='lat' dir='ltr'>applicare</span> <span class='ocrx_word' id='word_1_19' title='bbox 1081 494 1094 519; x_wconf 94' lang='lat'>,</span> <span class='ocrx_word' id='word_1_20' title='bbox 1127 457 1216 504; x_wconf 89' lang='lat' dir='ltr'>Dei</span> <span class='ocrx_word' id='word_1_21' title='bbox 1247 458 1417 504; x_wconf 89' lang='lat' dir='ltr'>timore</span> <span class='ocrx_word' id='word_1_22' title='bbox 1438 458 1628 523; x_wconf 88' lang='lat' dir='ltr'>postha-</span> 
     </span>
     <span class='ocr_line' id='line_1_4' title="bbox 213 534 1627 599; baseline 0 -16"><span class='ocrx_word' id='word_1_23' title='bbox 213 534 335 597; x_wconf 89' lang='lat' dir='ltr'>bito,</span> <span class='ocrx_word' id='word_1_24' title='bbox 362 535 558 582; x_wconf 90' lang='lat' dir='ltr'>minime</span> <span class='ocrx_word' id='word_1_25' title='bbox 591 534 880 583; x_wconf 85' lang='lat' dir='ltr'><strong>formidavit.</strong></span> <span class='ocrx_word' id='word_1_26' title='bbox 906 534 999 582; x_wconf 90' lang='lat' dir='ltr'>Sed</span> <span class='ocrx_word' id='word_1_27' title='bbox 1025 534 1353 599; x_wconf 87' lang='lat' dir='ltr'>postmodum,</span> <span class='ocrx_word' id='word_1_28' title='bbox 1385 545 1627 583; x_wconf 89' lang='lat' dir='ltr'>contracta</span> 
     </span>
     <span class='ocr_line' id='line_1_5' title="bbox 214 610 1629 679; baseline 0 -19"><span class='ocrx_word' id='word_1_29' title='bbox 214 629 302 679; x_wconf 89' lang='lat' dir='ltr'>per</span> <span class='ocrx_word' id='word_1_30' title='bbox 311 629 423 660; x_wconf 89' lang='lat' dir='ltr'>eum</span> <span class='ocrx_word' id='word_1_31' title='bbox 437 612 645 677; x_wconf 89' lang='lat' dir='ltr'>quadam</span> <span class='ocrx_word' id='word_1_32' title='bbox 661 613 712 659; x_wconf 91' lang='lat' dir='ltr'>in</span> <span class='ocrx_word' id='word_1_33' title='bbox 734 629 894 676; x_wconf 87' lang='lat' dir='ltr'>regem</span> <span class='ocrx_word' id='word_1_34' title='bbox 917 610 1199 674; x_wconf 86' lang='lat' dir='ltr'>ofsensione,</span> <span class='ocrx_word' id='word_1_35' title='bbox 1215 613 1265 659; x_wconf 92' lang='lat' dir='ltr'>in</span> <span class='ocrx_word' id='word_1_36' title='bbox 1287 612 1407 661; x_wconf 89' lang='lat' dir='ltr'>urbe</span> <span class='ocrx_word' id='word_1_37' title='bbox 1430 613 1629 661; x_wconf 84' lang='lat' dir='ltr'>Pictavis</span> 
     </span>
     <span class='ocr_line' id='line_1_6' title="bbox 214 690 1630 755; baseline 0 -18"><span class='ocrx_word' id='word_1_38' title='bbox 214 706 302 755; x_wconf 85' lang='lat' dir='ltr'>per</span> <span class='ocrx_word' id='word_1_39' title='bbox 323 706 434 738; x_wconf 83' lang='lat' dir='ltr'>eum</span> <span class='ocrx_word' id='word_1_40' title='bbox 468 690 620 755; x_wconf 91' lang='lat' dir='ltr'>capite</span> <span class='ocrx_word' id='word_1_41' title='bbox 650 690 815 754; x_wconf 85' lang='lat' dir='ltr'>plexus</span> <span class='ocrx_word' id='word_1_42' title='bbox 848 699 896 738; x_wconf 87' lang='lat' dir='ltr'>et</span> <span class='ocrx_word' id='word_1_43' title='bbox 926 690 977 736; x_wconf 92' lang='lat' dir='ltr'>in</span> <span class='ocrx_word' id='word_1_44' title='bbox 1006 700 1163 755; x_wconf 81' lang='lat' dir='ltr'>partes</span> <span class='ocrx_word' id='word_1_45' title='bbox 1198 700 1404 754; x_wconf 90' lang='lat' dir='ltr'>quatuor</span> <span class='ocrx_word' id='word_1_46' title='bbox 1427 691 1630 738; x_wconf 89' lang='lat' dir='ltr'>laniatus</span> 
     </span>
     <span class='ocr_line' id='line_1_7' title="bbox 217 760 1632 833; baseline -0.001 -18"><span class='ocrx_word' id='word_1_47' title='bbox 217 776 374 815; x_wconf 80' lang='lat' dir='ltr'>aes‘tate</span> <span class='ocrx_word' id='word_1_48' title='bbox 407 760 638 833; x_wconf 76' lang='lat' dir='ltr'>proxime</span> <span class='ocrx_word' id='word_1_49' title='bbox 657 767 890 832; x_wconf 80' lang='lat' dir='ltr'>praeterita</span> <span class='ocrx_word' id='word_1_50' title='bbox 925 766 1013 814; x_wconf 90' lang='lat' dir='ltr'>fuit</span> <span class='ocrx_word' id='word_1_51' title='bbox 1028 769 1057 813; x_wconf 82' lang='lat'>².</span> <span class='ocrx_word' id='word_1_52' title='bbox 1099 767 1187 814; x_wconf 88' lang='lat' dir='ltr'>Cui</span> <span class='ocrx_word' id='word_1_53' title='bbox 1226 766 1540 814; x_wconf 87' lang='lat' dir='ltr'>nihilominus</span> <span class='ocrx_word' id='word_1_54' title='bbox 1577 777 1632 814; x_wconf 93' lang='lat' dir='ltr'>ut</span> 
     </span>
     <span class='ocr_line' id='line_1_8' title="bbox 215 847 1631 913; baseline 0 -19"><span class='ocrx_word' id='word_1_55' title='bbox 215 849 344 895; x_wconf 90' lang='lat' dir='ltr'>Deus</span> <span class='ocrx_word' id='word_1_56' title='bbox 361 847 594 912; x_wconf 87' lang='lat' dir='ltr'>propitius</span> <span class='ocrx_word' id='word_1_57' title='bbox 620 863 719 895; x_wconf 88' lang='lat' dir='ltr'>esse</span> <span class='ocrx_word' id='word_1_58' title='bbox 738 847 958 912; x_wconf 83' lang='lat' dir='ltr'>dignetur</span> <span class='ocrx_word' id='word_1_59' title='bbox 988 857 1130 912; x_wconf 90' lang='lat' dir='ltr'>atque</span> <span class='ocrx_word' id='word_1_60' title='bbox 1151 857 1458 913; x_wconf 89' lang='lat' dir='ltr'>peccatorum</span> <span class='ocrx_word' id='word_1_61' title='bbox 1483 858 1531 895; x_wconf 91' lang='lat' dir='ltr'>et</span> <span class='ocrx_word' id='word_1_62' title='bbox 1557 865 1631 895; x_wconf 88' lang='lat' dir='ltr'>er-</span> 
     </span>
     <span class='ocr_line' id='line_1_9' title="bbox 214 925 1561 991; baseline -0.001 -17"><span class='ocrx_word' id='word_1_63' title='bbox 214 935 427 974; x_wconf 81' lang='lat' dir='ltr'>ratorum</span> <span class='ocrx_word' id='word_1_64' title='bbox 450 941 647 972; x_wconf 91' lang='lat' dir='ltr'>suorum</span> <span class='ocrx_word' id='word_1_65' title='bbox 665 925 773 990; x_wconf 92' lang='lat' dir='ltr'>pius</span> <span class='ocrx_word' id='word_1_66' title='bbox 793 925 1022 987; x_wconf 88' lang='lat' dir='ltr'>indultor,</span> <span class='ocrx_word' id='word_1_67' title='bbox 1042 925 1277 991; x_wconf 92' lang='lat' dir='ltr'>supplices</span> <span class='ocrx_word' id='word_1_68' title='bbox 1295 941 1561 973; x_wconf 87' lang='lat' dir='ltr'>exoramus.</span> 
     </span>
    </p>

    <p class='ocr_par' dir='ltr' id='par_1_3' title="bbox 216 1002 1637 1456">
     <span class='ocr_line' id='line_1_10' title="bbox 281 1002 1632 1068; baseline -0.001 -18"><span class='ocrx_word' id='word_1_69' title='bbox 281 1004 438 1061; x_wconf 87' lang='lat' dir='ltr'>Quam</span> <span class='ocrx_word' id='word_1_70' title='bbox 473 1002 682 1067; x_wconf 89' lang='lat' dir='ltr'>primum</span> <span class='ocrx_word' id='word_1_71' title='bbox 715 1019 830 1050; x_wconf 84' lang='lat' dir='ltr'>vero</span> <span class='ocrx_word' id='word_1_72' title='bbox 862 1003 1024 1068; x_wconf 87' lang='lat' dir='ltr'>patriae</span> <span class='ocrx_word' id='word_1_73' title='bbox 1051 1002 1170 1050; x_wconf 87' lang='lat' dir='ltr'>fines</span> <span class='ocrx_word' id='word_1_74' title='bbox 1205 1002 1442 1065; x_wconf 89' lang='lat' dir='ltr'>attigimus</span> <span class='ocrx_word' id='word_1_75' title='bbox 1458 1014 1478 1061; x_wconf 80' lang='lat'>‚·</span> <span class='ocrx_word' id='word_1_76' title='bbox 1497 1013 1545 1049; x_wconf 91' lang='lat' dir='ltr'>et</span> <span class='ocrx_word' id='word_1_77' title='bbox 1583 1003 1632 1050; x_wconf 88' lang='lat' dir='ltr'>in</span> 
     </span>
     <span class='ocr_line' id='line_1_11' title="bbox 216 1079 1634 1145; baseline -0.001 -17"><span class='ocrx_word' id='word_1_78' title='bbox 216 1080 350 1128; x_wconf 87' lang='lat' dir='ltr'>terris</span> <span class='ocrx_word' id='word_1_79' title='bbox 367 1080 504 1144; x_wconf 86' lang='lat' dir='ltr'>regiae</span> <span class='ocrx_word' id='word_1_80' title='bbox 525 1079 718 1127; x_wconf 89' lang='lat' dir='ltr'>ditionis</span> <span class='ocrx_word' id='word_1_81' title='bbox 739 1080 914 1145; x_wconf 89' lang='lat' dir='ltr'>pedem</span> <span class='ocrx_word' id='word_1_82' title='bbox 936 1081 1200 1142; x_wconf 81' lang='lat' dir='ltr'>retulimus,</span> <span class='ocrx_word' id='word_1_83' title='bbox 1231 1080 1462 1144; x_wconf 87' lang='lat' dir='ltr'>coepimus</span> <span class='ocrx_word' id='word_1_84' title='bbox 1493 1080 1554 1127; x_wconf 86' lang='lat' dir='ltr'>ad</span> <span class='ocrx_word' id='word_1_85' title='bbox 1578 1081 1634 1127; x_wconf 91' lang='lat' dir='ltr'>li-</span> 
     </span>
     <span class='ocr_line' id='line_1_12' title="bbox 217 1156 1635 1222; baseline 0 -17"><span class='ocrx_word' id='word_1_86' title='bbox 217 1157 418 1222; x_wconf 87' lang='lat' dir='ltr'>quidum</span> <span class='ocrx_word' id='word_1_87' title='bbox 466 1173 723 1221; x_wconf 85' lang='lat' dir='ltr'>agnoscere</span> <span class='ocrx_word' id='word_1_88' title='bbox 770 1157 921 1222; x_wconf 87' lang='lat' dir='ltr'>qualis</span> <span class='ocrx_word' id='word_1_89' title='bbox 958 1157 1101 1219; x_wconf 87' lang='lat' dir='ltr'>fides,</span> <span class='ocrx_word' id='word_1_90' title='bbox 1145 1158 1297 1222; x_wconf 92' lang='lat' dir='ltr'>qualis</span> <span class='ocrx_word' id='word_1_91' title='bbox 1336 1156 1635 1205; x_wconf 89' lang='lat' dir='ltr'>observantia</span> 
     </span>
     <span class='ocr_line' id='line_1_13' title="bbox 217 1235 1637 1301; baseline -0.002 -16"><span class='ocrx_word' id='word_1_92' title='bbox 217 1245 360 1301; x_wconf 81' lang='lat' dir='ltr'>atque</span> <span class='ocrx_word' id='word_1_93' title='bbox 381 1236 618 1283; x_wconf 85' lang='lat' dir='ltr'>exsecutio</span> <span class='ocrx_word' id='word_1_94' title='bbox 651 1235 908 1284; x_wconf 86' lang='lat' dir='ltr'>haberetur</span> <span class='ocrx_word' id='word_1_95' title='bbox 937 1236 997 1284; x_wconf 91' lang='lat' dir='ltr'>de</span> <span class='ocrx_word' id='word_1_96' title='bbox 1028 1235 1264 1301; x_wconf 86' lang='lat' dir='ltr'>regalibus</span> <span class='ocrx_word' id='word_1_97' title='bbox 1292 1236 1384 1283; x_wconf 91' lang='lat' dir='ltr'>illis</span> <span class='ocrx_word' id='word_1_98' title='bbox 1416 1235 1637 1283; x_wconf 90' lang='lat' dir='ltr'>abolitio·</span> 
     </span>
     <span class='ocr_line' id='line_1_14' title="bbox 219 1312 1636 1379; baseline 0 -19"><span class='ocrx_word' id='word_1_99' title='bbox 219 1312 360 1361; x_wconf 91' lang='lat' dir='ltr'>nibus</span> <span class='ocrx_word' id='word_1_100' title='bbox 390 1330 595 1378; x_wconf 89' lang='lat' dir='ltr'>quarum</span> <span class='ocrx_word' id='word_1_101' title='bbox 624 1323 944 1379; x_wconf 89' lang='lat' dir='ltr'>transsumpta</span> <span class='ocrx_word' id='word_1_102' title='bbox 976 1314 1249 1362; x_wconf 86' lang='lat' dir='ltr'>authentica</span> <span class='ocrx_word' id='word_1_103' title='bbox 1275 1330 1365 1379; x_wconf 87' lang='lat' dir='ltr'>pro</span> <span class='ocrx_word' id='word_1_104' title='bbox 1389 1314 1636 1361; x_wconf 88' lang='lat' dir='ltr'>securitate</span> 
     </span>
     <span class='ocr_line' id='line_1_15' title="bbox 219 1390 1632 1456; baseline 0.001 -19"><span class='ocrx_word' id='word_1_105' title='bbox 219 1390 471 1439; x_wconf 91' lang='lat' dir='ltr'>nobiscum</span> <span class='ocrx_word' id='word_1_106' title='bbox 503 1391 788 1439; x_wconf 89' lang='lat' dir='ltr'>ferebamus.</span> <span class='ocrx_word' id='word_1_107' title='bbox 830 1391 924 1439; x_wconf 90' lang='lat' dir='ltr'>Sed</span> <span class='ocrx_word' id='word_1_108' title='bbox 963 1393 1100 1456; x_wconf 85' lang='lat' dir='ltr'>quia,</span> <span class='ocrx_word' id='word_1_109' title='bbox 1139 1402 1194 1439; x_wconf 93' lang='lat' dir='ltr'>ut</span> <span class='ocrx_word' id='word_1_110' title='bbox 1227 1393 1448 1456; x_wconf 85' lang='lat' dir='ltr'>Tragicus</span> <span class='ocrx_word' id='word_1_111' title='bbox 1480 1392 1632 1453; x_wconf 89' lang='lat' dir='ltr'>canit,</span> 
     </span>
    </p>
   </div>
   <div class='ocr_carea' id='block_1_3' title="bbox 350 1511 1368 1573">
    <p class='ocr_par' dir='ltr' id='par_1_4' title="bbox 350 1511 1368 1573">
     <span class='ocr_line' id='line_1_16' title="bbox 350 1511 1368 1573; baseline 0.001 -19"><span class='ocrx_word' id='word_1_112' title='bbox 350 1511 499 1555; x_wconf 88' lang='lat' dir='ltr'>Serum</span> <span class='ocrx_word' id='word_1_113' title='bbox 519 1523 582 1555; x_wconf 90' lang='lat' dir='ltr'>est</span> <span class='ocrx_word' id='word_1_114' title='bbox 602 1513 781 1556; x_wconf 85' lang='lat' dir='ltr'>cavendi</span> <span class='ocrx_word' id='word_1_115' title='bbox 801 1525 968 1573; x_wconf 91' lang='lat' dir='ltr'>tempus</span> <span class='ocrx_word' id='word_1_116' title='bbox 991 1513 1037 1555; x_wconf 87' lang='lat' dir='ltr'>in</span> <span class='ocrx_word' id='word_1_117' title='bbox 1058 1511 1209 1555; x_wconf 88' lang='lat' dir='ltr'>mediis</span> <span class='ocrx_word' id='word_1_118' title='bbox 1230 1511 1368 1566; x_wconf 79' lang='lat' dir='ltr'>malis,</span> 
     </span>
    </p>
   </div>
   <div class='ocr_carea' id='block_1_4' title="bbox 213 1623 1643 2388">
    <p class='ocr_par' dir='ltr' id='par_1_5' title="bbox 213 1623 1643 2388">
     <span class='ocr_line' id='line_1_17' title="bbox 213 1623 1638 1690; baseline 0 -18"><span class='ocrx_word' id='word_1_119' title='bbox 213 1626 315 1690; x_wconf 87' lang='lat' dir='ltr'>jam</span> <span class='ocrx_word' id='word_1_120' title='bbox 343 1624 512 1672; x_wconf 80' lang='lat' dir='ltr'>fmstra</span> <span class='ocrx_word' id='word_1_121' title='bbox 532 1624 674 1672; x_wconf 90' lang='lat' dir='ltr'>nobis</span> <span class='ocrx_word' id='word_1_122' title='bbox 699 1624 760 1672; x_wconf 92' lang='lat' dir='ltr'>de</span> <span class='ocrx_word' id='word_1_123' title='bbox 789 1625 1039 1672; x_wconf 90' lang='lat' dir='ltr'>temeraria</span> <span class='ocrx_word' id='word_1_124' title='bbox 1065 1623 1357 1673; x_wconf 85' lang='lat' dir='ltr'>confidentia</span> <span class='ocrx_word' id='word_1_125' title='bbox 1389 1625 1638 1688; x_wconf 87' lang='lat' dir='ltr'>poenitudo</span> 
     </span>
     <span class='ocr_line' id='line_1_18' title="bbox 219 1700 1637 1765; baseline -0.001 -15"><span class='ocrx_word' id='word_1_126' title='bbox 219 1701 496 1750; x_wconf 88' lang='lat' dir='ltr'>ducebatur.</span> <span class='ocrx_word' id='word_1_127' title='bbox 527 1705 648 1751; x_wconf 89' lang='lat' dir='ltr'>Nam</span> <span class='ocrx_word' id='word_1_128' title='bbox 679 1702 879 1765; x_wconf 88' lang='lat' dir='ltr'>gradum</span> <span class='ocrx_word' id='word_1_129' title='bbox 919 1717 1143 1748; x_wconf 88' lang='lat' dir='ltr'>revocare</span> <span class='ocrx_word' id='word_1_130' title='bbox 1167 1718 1268 1747; x_wconf 90' lang='lat' dir='ltr'>non</span> <span class='ocrx_word' id='word_1_131' title='bbox 1297 1700 1493 1761; x_wconf 88' lang='lat' dir='ltr'>licebat,</span> <span class='ocrx_word' id='word_1_132' title='bbox 1528 1719 1637 1748; x_wconf 89' lang='lat' dir='ltr'>cum</span> 
     </span>
     <span class='ocr_line' id='line_1_19' title="bbox 221 1778 1638 1843; baseline -0.002 -16"><span class='ocrx_word' id='word_1_133' title='bbox 221 1779 311 1827; x_wconf 91' lang='lat' dir='ltr'>sub</span> <span class='ocrx_word' id='word_1_134' title='bbox 336 1780 628 1827; x_wconf 87' lang='lat' dir='ltr'>districtione</span> <span class='ocrx_word' id='word_1_135' title='bbox 655 1780 784 1842; x_wconf 86' lang='lat' dir='ltr'>regia</span> <span class='ocrx_word' id='word_1_136' title='bbox 814 1789 1103 1838; x_wconf 89' lang='lat' dir='ltr'>teneremur,</span> <span class='ocrx_word' id='word_1_137' title='bbox 1129 1778 1212 1825; x_wconf 89' lang='lat' dir='ltr'>sed</span> <span class='ocrx_word' id='word_1_138' title='bbox 1233 1778 1638 1843; x_wconf 85' lang='lat' dir='ltr'>progrediendum</span> 
     </span>
     <span class='ocr_line' id='line_1_20' title="bbox 222 1855 1639 1921; baseline -0.002 -17"><span class='ocrx_word' id='word_1_139' title='bbox 222 1857 418 1904; x_wconf 89' lang='lat' dir='ltr'>ulterius</span> <span class='ocrx_word' id='word_1_140' title='bbox 454 1866 554 1904; x_wconf 90' lang='lat' dir='ltr'>erat</span> <span class='ocrx_word' id='word_1_141' title='bbox 583 1867 630 1903; x_wconf 91' lang='lat' dir='ltr'>et</span> <span class='ocrx_word' id='word_1_142' title='bbox 660 1855 1001 1921; x_wconf 87' lang='lat' dir='ltr'>experiendum</span> <span class='ocrx_word' id='word_1_143' title='bbox 1022 1855 1174 1918; x_wconf 84' lang='lat' dir='ltr'>qualis</span> <span class='ocrx_word' id='word_1_144' title='bbox 1202 1871 1291 1902; x_wconf 91' lang='lat' dir='ltr'>nos</span> <span class='ocrx_word' id='word_1_145' title='bbox 1315 1856 1506 1902; x_wconf 89' lang='lat' dir='ltr'>inantea</span> <span class='ocrx_word' id='word_1_146' title='bbox 1543 1855 1639 1902; x_wconf 88' lang='lat' dir='ltr'>for-</span> 
     </span>
     <span class='ocr_line' id='line_1_21' title="bbox 223 1932 1641 1997; baseline -0.001 -16"><span class='ocrx_word' id='word_1_147' title='bbox 223 1944 339 1982; x_wconf 89' lang='lat' dir='ltr'>tuna</span> <span class='ocrx_word' id='word_1_148' title='bbox 370 1943 599 1981; x_wconf 88' lang='lat' dir='ltr'>maneret.</span> <span class='ocrx_word' id='word_1_149' title='bbox 639 1936 695 1980; x_wconf 90' lang='lat' dir='ltr'>Et</span> <span class='ocrx_word' id='word_1_150' title='bbox 717 1950 829 1980; x_wconf 91' lang='lat' dir='ltr'>cum</span> <span class='ocrx_word' id='word_1_151' title='bbox 850 1949 906 1980; x_wconf 87' lang='lat' dir='ltr'>ex</span> <span class='ocrx_word' id='word_1_152' title='bbox 936 1932 1236 1996; x_wconf 85' lang='lat' dir='ltr'>Rothomago</span> <span class='ocrx_word' id='word_1_153' title='bbox 1268 1933 1317 1978; x_wconf 94' lang='lat' dir='ltr'>in</span> <span class='ocrx_word' id='word_1_154' title='bbox 1345 1933 1449 1997; x_wconf 92' lang='lat' dir='ltr'>ipso</span> <span class='ocrx_word' id='word_1_155' title='bbox 1475 1934 1641 1996; x_wconf 84' lang='lat' dir='ltr'>regalis</span> 
     </span>
     <span class='ocr_line' id='line_1_22' title="bbox 223 2001 1640 2075; baseline -0.002 -15"><span class='ocrx_word' id='word_1_156' title='bbox 223 2012 462 2060; x_wconf 88' lang='lat' dir='ltr'>districtus</span> <span class='ocrx_word' id='word_1_157' title='bbox 487 2001 651 2059; x_wconf 85' lang='lat' dir='ltr'>limine</span> <span class='ocrx_word' id='word_1_158' title='bbox 679 2011 819 2059; x_wconf 93' lang='lat' dir='ltr'>nobis</span> <span class='ocrx_word' id='word_1_159' title='bbox 851 2011 1149 2058; x_wconf 86' lang='lat' dir='ltr'>nuntiaretur</span> <span class='ocrx_word' id='word_1_160' title='bbox 1171 2027 1260 2057; x_wconf 91' lang='lat' dir='ltr'>nos</span> <span class='ocrx_word' id='word_1_161' title='bbox 1286 2010 1350 2057; x_wconf 90' lang='lat' dir='ltr'>ad</span> <span class='ocrx_word' id='word_1_162' title='bbox 1379 2012 1499 2073; x_wconf 86' lang='lat' dir='ltr'>regis</span> <span class='ocrx_word' id='word_1_163' title='bbox 1526 2027 1640 2075; x_wconf 82' lang='lat' dir='ltr'>prae-</span> 
     </span>
     <span class='ocr_line' id='line_1_23' title="bbox 223 2087 1640 2154; baseline -0.003 -16"><span class='ocrx_word' id='word_1_164' title='bbox 223 2091 447 2151; x_wconf 87' lang='lat' dir='ltr'>sentiam,</span> <span class='ocrx_word' id='word_1_165' title='bbox 481 2090 564 2154; x_wconf 91' lang='lat' dir='ltr'>qui</span> <span class='ocrx_word' id='word_1_166' title='bbox 597 2099 712 2137; x_wconf 89' lang='lat' dir='ltr'>tunc</span> <span class='ocrx_word' id='word_1_167' title='bbox 742 2089 1003 2136; x_wconf 86' lang='lat' dir='ltr'>Aurelianis</span> <span class='ocrx_word' id='word_1_168' title='bbox 1039 2097 1140 2135; x_wconf 89' lang='lat' dir='ltr'>erat</span> <span class='ocrx_word' id='word_1_169' title='bbox 1157 2089 1188 2149; x_wconf 79' lang='lat'>³,</span> <span class='ocrx_word' id='word_1_170' title='bbox 1226 2087 1353 2135; x_wconf 90' lang='lat' dir='ltr'>illico</span> <span class='ocrx_word' id='word_1_171' title='bbox 1385 2098 1432 2134; x_wconf 92' lang='lat' dir='ltr'>et</span> <span class='ocrx_word' id='word_1_172' title='bbox 1461 2087 1640 2152; x_wconf 85' lang='lat' dir='ltr'>absque</span> 
     </span>
     <span class='ocr_line' id='line_1_24' title="bbox 225 2165 1641 2226; baseline -0.002 -12"><span class='ocrx_word' id='word_1_173' title='bbox 225 2168 321 2215; x_wconf 89' lang='lat' dir='ltr'>ulla</span> <span class='ocrx_word' id='word_1_174' title='bbox 342 2167 643 2214; x_wconf 88' lang='lat' dir='ltr'>cunctatione</span> <span class='ocrx_word' id='word_1_175' title='bbox 662 2166 837 2214; x_wconf 88' lang='lat' dir='ltr'>debere</span> <span class='ocrx_word' id='word_1_176' title='bbox 853 2165 1078 2214; x_wconf 86' lang='lat' dir='ltr'>accedere</span> <span class='ocrx_word' id='word_1_177' title='bbox 1092 2203 1104 2226; x_wconf 91' lang='lat'><strong><em>‚</em></strong></span> <span class='ocrx_word' id='word_1_178' title='bbox 1126 2174 1174 2212; x_wconf 89' lang='lat' dir='ltr'>et</span> <span class='ocrx_word' id='word_1_179' title='bbox 1193 2174 1263 2226; x_wconf 91' lang='lat' dir='ltr'>ut,</span> <span class='ocrx_word' id='word_1_180' title='bbox 1289 2165 1453 2212; x_wconf 91' lang='lat' dir='ltr'>relicto</span> <span class='ocrx_word' id='word_1_181' title='bbox 1475 2165 1641 2211; x_wconf 89' lang='lat' dir='ltr'>itinere</span> 
     </span>
     <span class='ocr_line' id='line_1_25' title="bbox 225 2241 1643 2310; baseline -0.002 -19"><span class='ocrx_word' id='word_1_182' title='bbox 225 2261 311 2310; x_wconf 78' lang='lat' dir='ltr'>per</span> <span class='ocrx_word' id='word_1_183' title='bbox 334 2244 682 2306; x_wconf 82' lang='lat' dir='ltr'>Rothomagum</span> <span class='ocrx_word' id='word_1_184' title='bbox 718 2245 832 2309; x_wconf 90' lang='lat' dir='ltr'>(qua</span> <span class='ocrx_word' id='word_1_185' title='bbox 860 2252 988 2290; x_wconf 87' lang='lat' dir='ltr'>recta</span> <span class='ocrx_word' id='word_1_186' title='bbox 1019 2242 1159 2289; x_wconf 92' lang='lat' dir='ltr'>nobis</span> <span class='ocrx_word' id='word_1_187' title='bbox 1179 2241 1371 2307; x_wconf 89' lang='lat' dir='ltr'>patebat</span> <span class='ocrx_word' id='word_1_188' title='bbox 1398 2241 1514 2305; x_wconf 83' lang='lat' dir='ltr'>via),</span> <span class='ocrx_word' id='word_1_189' title='bbox 1554 2245 1643 2288; x_wconf 82' lang='lat' dir='ltr'>Au-</span> 
     </span>
     <span class='ocr_line' id='line_1_26' title="bbox 227 2320 1642 2388; baseline -0.002 -18"><span class='ocrx_word' id='word_1_190' title='bbox 227 2322 413 2370; x_wconf 88' lang='lat' dir='ltr'>relianis</span> <span class='ocrx_word' id='word_1_191' title='bbox 434 2339 519 2388; x_wconf 89' lang='lat' dir='ltr'>per</span> <span class='ocrx_word' id='word_1_192' title='bbox 546 2323 684 2370; x_wconf 85' lang='lat' dir='ltr'>silvas</span> <span class='ocrx_word' id='word_1_193' title='bbox 704 2332 751 2370; x_wconf 89' lang='lat' dir='ltr'>et</span> <span class='ocrx_word' id='word_1_194' title='bbox 772 2322 900 2369; x_wconf 89' lang='lat' dir='ltr'>invia</span> <span class='ocrx_word' id='word_1_195' title='bbox 919 2320 1137 2385; x_wconf 89' lang='lat' dir='ltr'>quaedam</span> <span class='ocrx_word' id='word_1_196' title='bbox 1163 2330 1306 2384; x_wconf 89' lang='lat' dir='ltr'>atque</span> <span class='ocrx_word' id='word_1_197' title='bbox 1330 2320 1513 2368; x_wconf 87' lang='lat' dir='ltr'>deserta</span> <span class='ocrx_word' id='word_1_198' title='bbox 1535 2320 1642 2367; x_wconf 85' lang='lat' dir='ltr'>loca</span> 
     </span>
    </p>
   </div>
   <div class='ocr_carea' id='block_1_5' title="bbox 235 2480 1646 2721">
    <p class='ocr_par' dir='ltr' id='par_1_6' title="bbox 235 2480 1642 2595">
     <span class='ocr_line' id='line_1_27' title="bbox 286 2480 1642 2537; baseline -0.003 -15"><span class='ocrx_word' id='word_1_199' title='bbox 286 2487 326 2524; x_wconf 79' lang='grc'>1.</span> <span class='ocrx_word' id='word_1_200' title='bbox 356 2484 514 2524; x_wconf 81' lang='lat' dir='ltr'>Charles</span> <span class='ocrx_word' id='word_1_201' title='bbox 541 2484 742 2532; x_wconf 61' lang='lat' dir='ltr'>&amp;Anu-et,</span> <span class='ocrx_word' id='word_1_202' title='bbox 777 2483 957 2537; x_wconf 81' lang='lat' dir='ltr'>seigneur</span> <span class='ocrx_word' id='word_1_203' title='bbox 987 2482 1035 2522; x_wconf 90' lang='lat' dir='ltr'>de</span> <span class='ocrx_word' id='word_1_204' title='bbox 1061 2482 1373 2530; x_wconf 83' lang='lat' dir='ltr'>Saint-Bazeille,</span> <span class='ocrx_word' id='word_1_205' title='bbox 1409 2480 1580 2533; x_wconf 72' lang='lat' dir='ltr'>decapite</span> <span class='ocrx_word' id='word_1_206' title='bbox 1620 2480 1642 2519; x_wconf 73' lang='lat' dir='ltr'>a</span> 
     </span>
     <span class='ocr_line' id='line_1_28' title="bbox 235 2546 764 2595; baseline 0.002 -11"><span class='ocrx_word' id='word_1_207' title='bbox 235 2546 408 2595; x_wconf 68' lang='lat' dir='ltr'>Postiers,</span> <span class='ocrx_word' id='word_1_208' title='bbox 427 2546 463 2584; x_wconf 89' lang='lat' dir='ltr'>le</span> <span class='ocrx_word' id='word_1_209' title='bbox 485 2551 507 2585; x_wconf 91' lang='lat'><strong>7</strong></span> <span class='ocrx_word' id='word_1_210' title='bbox 530 2547 627 2586; x_wconf 85' lang='lat' dir='ltr'>avril</span> <span class='ocrx_word' id='word_1_211' title='bbox 647 2549 764 2586; x_wconf 69' lang='lat'><strong>1473.</strong></span> 
     </span>
    </p>

    <p class='ocr_par' dir='ltr' id='par_1_7' title="bbox 252 2606 1646 2721">
     <span class='ocr_line' id='line_1_29' title="bbox 285 2606 1432 2657; baseline -0.001 -12"><span class='ocrx_word' id='word_1_212' title='bbox 285 2609 324 2646; x_wconf 75' lang='lat'>2.</span> <span class='ocrx_word' id='word_1_213' title='bbox 354 2610 536 2646; x_wconf 83' lang='lat' dir='ltr'>L’auteur</span> <span class='ocrx_word' id='word_1_214' title='bbox 553 2609 702 2647; x_wconf 85' lang='lat' dir='ltr'>revient</span> <span class='ocrx_word' id='word_1_215' title='bbox 720 2622 787 2647; x_wconf 83' lang='lat' dir='ltr'>sur</span> <span class='ocrx_word' id='word_1_216' title='bbox 805 2621 849 2646; x_wconf 92' lang='lat' dir='ltr'>ce</span> <span class='ocrx_word' id='word_1_217' title='bbox 867 2607 935 2646; x_wconf 80' lang='lat' dir='ltr'>fait</span> <span class='ocrx_word' id='word_1_218' title='bbox 952 2607 1047 2646; x_wconf 73' lang='lat' dir='ltr'>dans</span> <span class='ocrx_word' id='word_1_219' title='bbox 1067 2620 1136 2645; x_wconf 89' lang='lat' dir='ltr'>son</span> <span class='ocrx_word' id='word_1_220' title='bbox 1156 2606 1328 2657; x_wconf 89' lang='lat' dir='ltr'>chapitre</span> <span class='ocrx_word' id='word_1_221' title='bbox 1351 2619 1432 2644; x_wconf 85' lang='lat' dir='ltr'>xx1.</span> 
     </span>
     <span class='ocr_line' id='line_1_30' title="bbox 252 2664 1646 2721; baseline -0.004 -14"><span class='ocrx_word' id='word_1_222' title='bbox 252 2664 257 2668; x_wconf 46' lang='lat'>⁶</span> <span class='ocrx_word' id='word_1_223' title='bbox 289 2672 326 2707; x_wconf 87' lang='grc'>3.</span> <span class='ocrx_word' id='word_1_224' title='bbox 354 2669 470 2707; x_wconf 89' lang='lat' dir='ltr'>Louis</span> <span class='ocrx_word' id='word_1_225' title='bbox 488 2671 544 2708; x_wconf 85' lang='lat' dir='ltr'>XI</span> <span class='ocrx_word' id='word_1_226' title='bbox 563 2683 603 2708; x_wconf 84' lang='lat' dir='ltr'>se</span> <span class='ocrx_word' id='word_1_227' title='bbox 621 2670 692 2708; x_wconf 88' lang='lat' dir='ltr'>tint</span> <span class='ocrx_word' id='word_1_228' title='bbox 711 2673 733 2708; x_wconf 73' lang='lat' dir='ltr'>a</span> <span class='ocrx_word' id='word_1_229' title='bbox 752 2670 912 2708; x_wconf 77' lang='lat' dir='ltr'>Orleans</span> <span class='ocrx_word' id='word_1_230' title='bbox 936 2669 1072 2721; x_wconf 88' lang='lat' dir='ltr'>depuis</span> <span class='ocrx_word' id='word_1_231' title='bbox 1091 2668 1129 2706; x_wconf 88' lang='lat' dir='ltr'>la</span> <span class='ocrx_word' id='word_1_232' title='bbox 1151 2670 1202 2706; x_wconf 84' lang='lat' dir='ltr'>fin</span> <span class='ocrx_word' id='word_1_233' title='bbox 1221 2666 1419 2705; x_wconf 86' lang='lat' dir='ltr'>d’octobre</span> <span class='ocrx_word' id='word_1_234' title='bbox 1437 2666 1488 2713; x_wconf 91' lang='lat' dir='ltr'>(il</span> <span class='ocrx_word' id='word_1_235' title='bbox 1512 2678 1536 2715; x_wconf 85' lang='lat' dir='ltr'>y</span> <span class='ocrx_word' id='word_1_236' title='bbox 1557 2664 1646 2702; x_wconf 64' lang='lat' dir='ltr'>emit</span> 
     </span>
    </p>
   </div>
   <div class='ocr_carea' id='block_1_6' title="bbox 235 2730 1644 2834">
    <p class='ocr_par' dir='ltr' id='par_1_8' title="bbox 235 2730 1644 2834">
     <span class='ocr_line' id='line_1_31' title="bbox 235 2730 1644 2782; baseline -0.006 -11"><span class='ocrx_word' id='word_1_237' title='bbox 235 2732 270 2771; x_wconf 89' lang='lat' dir='ltr'>le</span> <span class='ocrx_word' id='word_1_238' title='bbox 283 2733 333 2769; x_wconf 78' lang='lat'>22</span> <span class='ocrx_word' id='word_1_239' title='bbox 343 2734 356 2780; x_wconf 93' lang='lat'>)</span> <span class='ocrx_word' id='word_1_240' title='bbox 368 2731 520 2782; x_wconf 66' lang='lat' dir='ltr'>jusqu’a</span> <span class='ocrx_word' id='word_1_241' title='bbox 535 2732 570 2770; x_wconf 84' lang='lat' dir='ltr'>la</span> <span class='ocrx_word' id='word_1_242' title='bbox 583 2733 634 2771; x_wconf 85' lang='lat' dir='ltr'>fin</span> <span class='ocrx_word' id='word_1_243' title='bbox 655 2733 704 2771; x_wconf 90' lang='lat' dir='ltr'>de</span> <span class='ocrx_word' id='word_1_244' title='bbox 720 2732 923 2772; x_wconf 80' lang='lat' dir='ltr'>decembre</span> <span class='ocrx_word' id='word_1_245' title='bbox 937 2734 1058 2771; x_wconf 71' lang='lat'><strong>1466.</strong></span> <span class='ocrx_word' id='word_1_246' title='bbox 1080 2733 1246 2770; x_wconf 80' lang='lat' dir='ltr'>Ordonn.</span> <span class='ocrx_word' id='word_1_247' title='bbox 1266 2732 1330 2767; x_wconf 72' lang='lat' dir='ltr'>des</span> <span class='ocrx_word' id='word_1_248' title='bbox 1341 2732 1416 2766; x_wconf 78' lang='lat' dir='ltr'>mis</span> <span class='ocrx_word' id='word_1_249' title='bbox 1429 2730 1475 2765; x_wconf 73' lang='lat' dir='ltr'>de</span> <span class='ocrx_word' id='word_1_250' title='bbox 1489 2730 1644 2771; x_wconf 82' lang='lat' dir='ltr'>ance,</span> 
     </span>
     <span class='ocr_line' id='line_1_32' title="bbox 236 2796 392 2834; baseline -0.006 -2"><span class='ocrx_word' id='word_1_251' title='bbox 236 2802 264 2833; x_wconf 85' lang='lat' dir='ltr'>t.</span> <span class='ocrx_word' id='word_1_252' title='bbox 290 2796 378 2834; x_wconf 81' lang='lat' dir='ltr'>XVI</span> <span class='ocrx_word' id='word_1_253' title='bbox 384 2824 392 2832; x_wconf 90' lang='grc'><strong>.</strong></span> 
     </span>
    </p>
   </div>
  </div>
 </body>
</html>
