2060 3392
734 306 879 342 LIBER
907 305 1105 342 PRIMUS.
1553 305 1630 343 285

216 405 385 444 tatae-et
399 394 647 461 publicatae
662 393 900 453 videntur,
916 410 1030 440 cum
1045 393 1116 441 eis
1130 408 1231 439 non
1251 392 1344 440 alia
1354 392 1472 440 fides
1485 409 1631 457 quam

214 474 515 540 praediximus
538 481 817 534 servaretur,
838 488 984 536 quam
1007 481 1061 518 ut
1081 480 1237 518 essent
1255 471 1385 518 velut
1405 470 1633 535 decipulae

215 551 434 616 quedam
452 560 535 599 aut
553 549 732 616 pedicae
753 549 814 597 ad
832 565 916 597 eos
935 547 1380 596 circumveniendos
1390 558 1438 595 et
1447 548 1635 613 capien-

216 629 330 691 dos,
355 629 439 694 qui
458 628 618 675 minus
633 636 770 674 caute
789 635 838 674 et
853 625 1069 674 consulte
1081 626 1131 672 in
1154 625 1347 673 easdem
1362 625 1509 691 pedes
1520 642 1635 673 suos

215 707 485 772 injicerent,
519 703 929 770 quemadmodum
960 704 1286 768 experimento
1308 704 1397 769 ipsi
1417 703 1637 768 probavi-

217 800 324 832 mus
337 821 350 844 ‚
374 783 459 847 qui
478 783 683 830 aliorum
704 781 899 829 adduc-ti
919 781 995 828 vel
1017 781 1151 829 vanis
1174 781 1250 828 vel
1279 781 1459 829 dolosis
1489 797 1636 829 asser-

215 859 446 921 tionibus,
457 869 633 907 temere
644 875 735 906 nos
746 858 926 905 eisdem
942 857 1230 906 duxeramus
1243 858 1630 906 committendos.

216 936 362 996 Quod
375 946 432 985 et
447 937 566 985 alios
580 937 756 984 multos
774 936 912 997 tristi,
937 935 1063 1000 proh
1081 934 1248 983 dolor!
1276 945 1325 982 et
1342 934 1636 984 lamentabili

215 1016 360 1065 exitio
384 1016 597 1064 similiter
617 1015 923 1080 comperiisse
942 1014 1272 1078 cognovimus.

697 1233 1040 1282 CAPITULUM
1072 1235 1154 1280 XI.

270 1372 323 1407 De
336 1370 392 1406 his
405 1383 483 1418 quae
498 1370 535 1406 in
555 1371 646 1418 regis
663 1371 762 1407 curin
779 1371 959 1419 prosecuti
973 1370 1118 1415 fuimus,
1133 1369 1249 1418 spatio
1266 1367 1406 1405 circiter
1426 1369 1598 1404 mensium

844 1437 1012 1475 quatuor.

285 1556 378 1604 Sed
418 1573 517 1603 non
542 1571 601 1603 eo
632 1556 815 1618 minus,
850 1572 962 1603 cum
997 1554 1090 1603 tale
1117 1553 1640 1602 nobisinterventione

220 1633 398 1700 praesati
423 1633 574 1680 Balue
599 1632 889 1682 beneficium
910 1634 1267 1698 importaretur,
1294 1630 1459 1678 adhuc.
1474 1630 1641 1695 persti-

207 1712 391 1772 timus,
418 1710 734 1776 supplicando
764 1720 819 1757 ut
841 1710 1007 1758 saltem
1026 1747 1039 1771 ,
1077 1710 1115 1756 si
1150 1726 1239 1756 nec
1278 1709 1329 1755 in
1369 1707 1566 1755 ecclesia
1595 1717 1643 1754 et

221 1788 413 1836 dioecesi
434 1798 613 1848 nostra,
631 1788 790 1834 necin
808 1786 906 1834 ulla
927 1786 1233 1852 portiuncula
1244 1785 1389 1831 totius
1409 1785 1642 1833 Norman·

223 1867 310 1914 niae
342 1866 558 1913 habitare
578 1866 740 1912 liceret
755 1900 768 1923 ,
805 1881 894 1911 nos
923 1864 1215 1928 permitteret
1239 1878 1322 1909 rex
1346 1862 1422 1909 vel
1446 1862 1496 1908 in
1529 1877 1644 1925 qua-

221 1959 430 2007 cumque
447 1942 541 1990 alia
563 1941 699 2006 regni
723 1950 858 2005 parte
880 1940 1170 2000 delitescere,
1194 1939 1280 1987 ubi
1300 1938 1644 2003 temperantior

221 2029 269 2067 et
290 2013 527 2067 salubrior
549 2018 690 2066 nohis
711 2034 793 2066 aer
807 2027 854 2064 et
875 2017 1051 2064 coelum
1069 2016 1348 2064 clementius
1364 2014 1639 2077 haberetur,

203 2113 371 2161 ,quam
391 2098 441 2144 in
462 2095 645 2144 torrida
665 2095 745 2143 illa
773 2096 914 2160 plaga
937 2094 1193 2142 Cataloniae
1207 2131 1220 2155 ,
1251 2094 1301 2140 in
1333 2109 1430 2157 qua
1450 2094 1644 2157 regione

199 2174 380 2239 vneque
416 2175 618 2237 domum
644 2190 799 2238 neque
836 2183 1006 2220 notum
1035 2173 1244 2237 aliquem
1272 2188 1468 2236 prorsus
1500 2171 1646 2219 habe-

222 2269 400 2314 remus,
434 2262 600 2318 utpote
632 2268 736 2316 quae
763 2251 984 2298 trecentis
1017 2249 1298 2297 milliaribus
1330 2249 1570 2312 gallicanis
1599 2258 1646 2296 et

225 2347 256 2380 a
282 2331 393 2379 loco
421 2330 678 2379 nativitatis
698 2339 747 2378 et
767 2345 798 2377 a
817 2327 993 2376 finibus
1022 2338 1195 2375 nostrae
1220 2327 1437 2375 dioecesis
1461 2336 1645 2374 remota

224 2418 346 2456 esset
366 2426 377 2454 z
395 2407 646 2455 offerentes
662 2423 753 2472 pro
769 2421 945 2470 magno
965 2421 1165 2452 munere
1184 2414 1231 2451 et
1248 2403 1398 2468 gratia
1414 2403 1641 2469 recipere,

226 2486 266 2533 si
279 2486 355 2533 vel
372 2485 495 2533 inter
512 2494 749 2550 praerupta
770 2493 818 2537 et
839 2482 1063 2548 scopulos
1079 2497 1304 2529 saxorum
1325 2481 1553 2529 Alverniae
1571 2481 1646 2527 vel
1678 2487 1684 2490 '

226 2561 487 2610 Delflnatus
507 2562 648 2610 nobis
671 2562 841 2626 degere
862 2577 1000 2626 posse
1030 2559 1390 2607 concederetur.
1418 2558 1489 2605 Ad
1513 2557 1647 2621 quod

226 2639 561 2701 obtinendum,
582 2640 708 2700 licet,
730 2655 875 2703 quam
895 2654 1142 2703 possemus
1154 2647 1202 2685 et
1218 2654 1304 2702 per
1318 2651 1647 2701 quoscumque

226 2733 472 2783 possemus
485 2754 497 2778 ,
527 2716 787 2764 faceremus
806 2716 1097 2775 instantiam,
1125 2714 1245 2762 nihil
1269 2724 1429 2762 tamen
1455 2713 1645 2777 penitus

226 2795 276 2843 in
306 2795 401 2842 hoc
425 2792 655 2859 proficere
682 2794 939 2859 potuimus.
968 2792 1062 2840 Sed
1084 2792 1243 2856 priore
1265 2806 1453 2855 semper
1471 2789 1644 2853 injecta
