2060 3392
673 298 820 337 unm
852 298 1053 338 SEXTUS.
1530 302 1554 339 3

139 383 283 434 bonis
301 386 398 435 suis
417 386 494 434 vel
521 387 705 450 magnis
740 387 1051 452 pecuniarum
1090 389 1287 436 summis
1310 389 1523 437 mulctati
1536 428 1550 452 ,

138 463 300 530 plures
337 464 481 512 etiam
500 464 653 529 capite
668 464 818 530 plexi,
844 465 920 513 vel
941 465 1056 512 alias
1075 465 1231 531 puniti
1256 466 1550 515 exstiterunt.

139 539 326 601 Quibus
346 541 567 606 periculis
588 541 909 607 quamplures,
946 542 1166 590 nondum
1192 537 1552 609 comprehensi,

139 619 349 667 exterriti
370 620 660 667 etcautiores
687 619 863 681 effecti,
889 636 988 668 sese
1022 620 1171 669 furori
1192 620 1407 687 plebium
1444 622 1557 671 sub-

139 695 404 756 ttahentes‚
437 697 629 745 mutatis
667 696 880 759 sedibu5‚
925 698 987 746 ad
1024 699 1116 747 alia
1156 699 1264 747 loca
1298 700 1476 749 tutiora
1509 717 1559 749 se

141 773 463 836 contuderunt,
487 784 768 840 tempusque
789 775 885 823 illic
907 777 1222 842 opportunius
1244 777 1561 844 opperiebanae

141 859 237 914 tur,
249 868 348 916 quo
362 853 625 918 pacatiores
645 853 821 902 effectae
838 853 1003 919 plebes
1024 870 1054 903 a
1073 854 1354 904 tumultibus
1373 865 1423 906 et
1442 855 1564 904 sedi-

140 929 354 980 tionibus
371 930 664 980 sedarentur.

209 1008 458 1058 Inchoavit
490 1019 649 1058 autem
664 1009 906 1075 potissime
937 1020 986 1058 et
1005 1010 1144 1059 valde
1165 1009 1384 1058 efferbuit
1401 1010 1564 1076 hujus-

144 1085 278 1134 modi
288 1086 532 1152 popularis
548 1087 680 1134 furor
691 1097 832 1151 atque
853 1088 1028 1136 saevitia
1039 1088 1089 1135 in
1104 1088 1286 1154 oppido
1298 1087 1557 1136 Gandensi.

142 1164 254 1222 Quo
274 1163 384 1213 loco
415 1164 476 1213 de
508 1161 734 1212 omnibus
762 1164 859 1212 fere
883 1166 1025 1213 terris·
1048 1175 1191 1229 atque
1212 1165 1403 1231 oppidis
1418 1203 1431 1227 ,
1456 1182 1562 1230 quae

143 1240 357 1289 defuncti
377 1242 535 1290 Caroli
567 1242 703 1291 ducis
738 1242 933 1290 ditionis
951 1243 1162 1303 fuerant,
1193 1243 1428 1291 maximus
1449 1244 1569 1291 cele-

144 1317 310 1367 bratus
334 1329 405 1367 est
442 1307 731 1380 conventus,
769 1321 819 1368 in
856 1322 1074 1387 proxima
1108 1321 1286 1369 scilicet
1306 1321 1567 1386 quadrage-

144 1395 265 1445 sima
293 1407 547 1464 postquam
586 1398 714 1446 idem
746 1399 944 1447 Carolus
981 1415 1037 1447 ex
1065 1399 1162 1447 hoc
1203 1398 1375 1446 saeculo
1413 1408 1564 1447 nans-

144 1473 264 1522 ierat
278 1476 309 1521 ¹.

211 1552 334 1600 Cum
386 1568 500 1600 vero
550 1553 645 1600 illic
695 1553 1000 1602 inchoassent
1059 1553 1224 1618 agitari
1274 1553 1567 1618 populorum

146 1628 401 1677 seditiones
431 1639 573 1695 atque
603 1631 779 1679 civium
792 1668 805 1693 ‚
846 1631 1071 1679 adversus
1105 1647 1190 1679 eos
1224 1630 1429 1678 maxime
1456 1631 1564 1696 qui,

147 1707 223 1755 vel
239 1707 428 1756 tributis
448 1710 675 1775 principis
688 1747 701 1771 ,
716 1709 792 1756 vel
810 1710 955 1774 ipsius
977 1709 1144 1774 oppidi
1158 1708 1373 1757 levandis
1395 1717 1443 1755 et
1465 1707 1567 1755 col-

147 1784 347 1848 ligendis
385 1786 679 1851 praefuissent
694 1824 708 1848 ‚
748 1786 884 1834 facile
917 1802 1103 1851 serpere
1143 1785 1206 1834 ad
1241 1785 1427 1850 aliaque
1467 1801 1568 1832 sese

150 1861 330 1927 oppida
347 1862 590 1910 effundere
610 1861 944 1927 hujuscemodi
972 1861 1263 1909 seditionum
1284 1861 1466 1908 malum
1483 1877 1569 1926 po-

151 1939 256 1986 tuit.
286 1940 564 2005 Exemplum
580 1940 710 1987 enim
727 1956 757 1987 a
779 1939 1012 1987 Gandavo
1024 1949 1273 2004 acceptum
1285 1976 1299 2000 ‚
1314 1949 1363 1986 et
1378 1939 1565 2002 Brugis,

150 2026 198 2064 et
214 2018 462 2077 Bruxelloe,
483 2027 530 2065 et
549 2017 808 2083 Antverpiae
831 2018 1029 2082 aliisque
1048 2017 1390 2082 plurimislocis
1410 2017 1569 2065 statim

149 2105 365 2144 secutum
388 2096 498 2157 fuit,
522 2095 789 2160 similesque
811 2106 969 2143 motus
1000 2095 1166 2159 agitari
1190 2104 1453 2161 coeperunt.
1474 2097 1571 2142 Nec

151 2171 217 2220 ob
242 2174 555 2221 reverentiam
581 2172 688 2220 filiae
714 2173 866 2220 unicae
897 2172 1076 2238 praefati
1114 2172 1268 2221 Caroli
1302 2171 1437 2221 ducis
1448 2174 1479 2233 ²,
1508 2172 1571 2220 ad

150 2265 297 2315 quam
339 2260 572 2299 terrarum
621 2249 890 2298 dominium
933 2267 990 2298 ex
1030 2260 1228 2315 paterna
1271 2249 1570 2298 successione

151 2326 431 2377 devolutum
474 2338 575 2377 erat
590 2366 603 2391 ,
628 2328 893 2393 quidquam
923 2329 1082 2377 minus
1118 2345 1269 2394 usque
1303 2327 1542 2377 faciebant
1555 2366 1567 2389 ‚

151 2421 242 2454 nec
261 2406 324 2455 ab
356 2406 537 2455 eisdem
559 2423 608 2454 se
635 2406 918 2455 tumultibus
951 2416 999 2454 et
1028 2406 1343 2455 seditionibus
1379 2403 1572 2454 cohibe-

154 2480 271 2531 bant
281 2484 409 2547 (licet
427 2485 571 2532 etiam
589 2485 692 2549 ipsa
714 2500 920 2550 praesens
936 2485 1176 2533 exsisteret
1193 2484 1439 2545 Gandavi‚
1461 2500 1573 2531 cum

154 2559 269 2608 tales
290 2570 447 2610 motus
459 2561 740 2626 agebantur)
755 2580 767 2621 3
785 2561 867 2610 sed
883 2599 895 2624 ‚
916 2562 1060 2610 veluti
1072 2562 1274 2610 vinculis
1284 2571 1427 2627 atque
1442 2576 1573 2610 com-

212 2745 251 2783 ¹.
281 2745 352 2783 Ces
369 2737 472 2783 Etats
494 2758 535 2783 se
551 2745 749 2785 reunirent
767 2717 815 2784 au
836 2745 933 2783 mois
952 2719 1009 2786 de·
1019 2757 1120 2783 mars
1140 2745 1260 2784 11:17.

212 2809 255 2859 2..
282 2807 400 2846 Mar-ie
417 2807 466 2845 de
484 2809 725 2861 Bourgogne.
