2060 3392
680 319 829 357 mmm
856 316 1107 356 summus.
1527 316 1598 356 {91

190 415 332 479 gabat
342 423 390 461 et
402 411 463 460 ad
473 408 827 458 mendicitatem
837 408 1171 476 variorumque
1187 421 1413 471 generum
1433 416 1607 454 mortes

189 489 426 555 adigebat.

257 566 519 616 Busiridem
555 563 801 629 quondam
818 597 830 619 ‚
866 562 1195 627 AEgyptiorum
1234 569 1512 623 tyrannum,
1558 573 1611 610 ut

195 640 415 693 Boethius
435 642 606 707 inquit,
627 641 839 708 hospites
860 655 972 687 suos
991 638 1191 702 legimus
1212 636 1303 684 diis
1325 638 1420 685 suis
1442 638 1610 686 immo-

191 724 289 772 lare
309 721 503 770 solitum
518 757 531 782 ‚
560 719 620 767 de
643 735 741 782 quo
758 716 979 781 Virgilius
1000 717 1049 763 in
1072 716 1211 763 tertio
1233 716 1606 779 Georgicorum:

729 853 835 908 Quis
851 837 925 896 aut
938 851 1175 911 Eurysthea
1195 849 1348 894 durum
1361 884 1373 907 ,
1443 855 1452 869 ¹

420 926 507 971 Aut
520 922 713 968 illaudati
732 922 865 965 nescit
883 920 1085 964 Busiridis
1103 918 1229 964 aras?

195 1061 409 1113 similiter
429 1070 478 1110 et
495 1060 912 1126 Polymnestorem
928 1097 942 1122 ,
977 1068 1235 1123 tyrannum
1254 1058 1490 1106 Thracum
1506 1095 1519 1119 ,
1555 1057 1617 1104 de

196 1156 295 1204 quo
317 1139 535 1187 meminit
552 1139 725 1187 Paulus
747 1138 944 1185 Orosius
962 1138 1012 1184 in
1032 1136 1307 1202 praefatione
1327 1135 1439 1184 libri
1462 1135 1618 1200 quinti

196 1233 292 1266 ωε
311 1218 519 1266 historice
544 1237 556 1264 :
581 1226 630 1264 et
647 1215 744 1264 hoc
770 1225 853 1278 ut,
889 1215 979 1263 sub
1001 1225 1227 1280 praetextu
1251 1214 1374 1262 falsae
1395 1223 1441 1261 et
1471 1213 1618 1261 simu-

197 1294 304 1342 latae
338 1295 579 1358 religionis
593 1332 605 1356 ,
642 1293 805 1359 spoliis
845 1293 1143 1341 advenarum
1177 1304 1224 1341 et
1258 1293 1618 1359 peregrinorum

199 1371 343 1420 etiam
361 1372 747 1438 propinquorum
769 1371 1051 1436 potirentur.
1074 1370 1167 1417 Sed
1191 1370 1293 1418 haec
1311 1386 1411 1417 non
1430 1370 1479 1416 in
1506 1367 1620 1416 sub·

199 1448 326 1497 ditos
357 1459 500 1515 atque
533 1449 842 1509 domesticos,
868 1447 951 1496 sed
977 1448 1027 1495 in
1062 1447 1270 1499 advenas
1302 1448 1548 1495 dumtaxat
1575 1456 1623 1493 et

198 1527 475 1591 peregrinos
502 1526 712 1574 crudelia
743 1526 934 1589 gessisse
969 1542 1052 1573 seu
1085 1526 1347 1574 exercuisse
1379 1526 1617 1589 leguntur.

202 1603 290 1651 Hic
319 1620 462 1666 vero,
490 1604 550 1652 de
583 1618 683 1668 quo
714 1603 857 1651 nobis
886 1619 1069 1661 sermo,
1106 1620 1207 1651 non
1242 1603 1517 1669 peregrinos
1547 1602 1623 1649 vel

202 1679 413 1748 hospites
433 1692 516 1730 aut
538 1681 763 1743 advenas,
791 1681 876 1728 sed
897 1680 1134 1746 supplices
1156 1681 1390 1740 subditos,
1417 1690 1472 1726 ut
1494 1679 1625 1727 obla-

206 1756 359 1805 tiones
397 1774 505 1806 suas
537 1758 702 1806 stultas
735 1767 782 1805 et
820 1758 990 1822 impias
1027 1757 1221 1819 faceret,
1248 1757 1372 1804 fame
1386 1794 1398 1818 ,
1425 1757 1626 1822 penuria

207 1842 348 1898 atque
365 1845 565 1899 egestate
586 1834 804 1883 laborare
819 1834 1093 1899 compulsos
1111 1834 1358 1895 enecabat,
1373 1844 1420 1881 et
1436 1834 1627 1882 interire

206 1912 459 1960 crudeliter
478 1912 694 1961 faciebat.
722 1932 745 1958 «
765 1911 897 1960 Tales
914 1910 1179 1959 oblationes
1195 1929 1363 1960 omnes
1385 1911 1580 1973 faciunt,
1601 1932 1623 1955 n

208 1999 262 2037 ut
288 1989 457 2038 beatus
491 1991 774 2055 Augustinus
803 1990 1003 2056 pulchre
1027 1989 1183 2053 inquit
1214 1991 1263 2036 in
1289 1991 1374 2036 XV
1403 1989 1528 2037 libro
1567 1989 1627 2037 de

210 2069 406 2116 Civitate
422 2069 527 2128 Dei,
551 2089 573 2114 «
595 2069 677 2134 qui
698 2085 798 2115 non
820 2068 925 2128 Dei,
948 2067 1032 2115 sed
1053 2082 1188 2114 suam
1206 2077 1436 2115 sectantes
1457 2067 1627 2114 volun-

210 2153 373 2208 tatem,
395 2145 463 2212 [id
487 2145 574 2212 est]
598 2163 698 2194 non
718 2156 866 2208 recto,
887 2145 969 2193 sed
985 2161 1208 2210 perverso
1227 2144 1371 2192 corde
1395 2145 1624 2205 viventes,

210 2222 418 2272 offerunt
445 2234 605 2272 tamen
629 2227 732 2272 Deo
761 2241 937 2272 munus
965 2239 1063 2288 quo
1086 2233 1257 2288 putant
1289 2239 1401 2271 eum
1428 2223 1625 2282 redimi,

211 2316 311 2350 non
328 2310 383 2350 ut
393 2317 562 2350 eorum
579 2303 837 2369 opituletur
856 2300 1080 2350 sanandis
1095 2301 1252 2366 pravis
1270 2299 1626 2366 cupiditatibus,

214 2378 298 2428 sed
317 2379 578 2447 explendis.
606 2398 629 2426 υ
913 2375 915 2377 ’
