2060 3392
463 313 540 350 37ss
1032 311 1282 349 APOLOGIA
1296 339 1306 358 ,

458 412 507 450 et
538 403 654 450 item
694 416 843 450 suum·
871 412 1218 450 antecessorem
1257 401 1317 449 de
1350 402 1639 464 Malatestis¹,
1681 402 1874 464 Italum,

456 482 670 546 aliosque
691 480 997 546 quamplures
1017 479 1234 545 praelatos
1257 479 1469 544 ejusdem
1491 480 1747 546 provinciae
1771 497 1879 530 suas
1939 482 1941 484 ’

450 559 676 606 ecclesias
714 558 955 622 reliquisse
994 567 1042 606 et
1062 596 1075 619 ,
1113 558 1316 622 quaesitis
1348 557 1617 622 quibusque
1654 560 1879 607 occasio-

456 636 624 697 nibus,
660 635 779 684 alibi·
798 645 929 683 extra
965 636 1264 701 provinciam
1294 652 1402 683 suas
1428 636 1706 684 residentias
1725 637 1775 684 in
1802 653 1877 684 re-

454 715 597 763 motis
625 715 817 779 elegisse
847 733 857 761 ι
897 713 1308 779 quemadmodum
1347 724 1442 761 tres
1473 714 1605 779 prius
1643 715 1878 762 nominati

456 794 682 841 Basileam
700 829 712 852 ,
753 793 870 841 dum
907 791 975 840 ibi
1008 793 1266 840 concilium
1289 793 1507 856 generale
1546 791 1776 840 celebrari
1805 793 1878 840 in-

454 871 694 931 choasset,
731 887 781 918 se
804 870 1135 930 contulerunt,
1170 887 1259 918 nec
1285 870 1348 918 ad
1374 886 1483 918 suas
1512 870 1732 919 ecclesias
1754 881 1882 936 post-

454 945 655 992 modum
679 946 870 1007 reversi,
894 944 1014 994 inibi
1037 954 1118 993 aut
1141 945 1468 1009 adjacentibus
1492 946 1628 993 terris
1650 945 1752 993 dies
1767 962 1880 994 suos

454 1024 698 1072 finierunt.

516 1099 646 1148 Adde
688 1098 821 1163 quod
873 1099 923 1146 in
976 1099 1090 1164 ipsis
1129 1115 1247 1164 quas
1288 1099 1464 1165 patrias
1508 1097 1877 1146 consuetudines

451 1179 531 1225 illa
564 1177 809 1243 popularis
842 1176 1093 1224 advocatio
1122 1176 1284 1242 patriae
1322 1174 1553 1242 appellat,
1591 1174 1877 1241 quamplura

451 1266 562 1303 sunt
584 1256 659 1303 vel
691 1271 778 1320 per
812 1270 1023 1301 errorem
1047 1255 1342 1317 introducta,
1369 1253 1445 1302 vel
1476 1252 1592 1301 dolo
1624 1262 1672 1300 et
1702 1252 1878 1301 canidi-

451 1341 545 1379 tate
570 1332 785 1396 ipsorum
812 1329 1156 1379 advocatorum
1179 1332 1437 1379 adinventa
1471 1347 1554 1378 seu
1584 1327 1790 1377 conficta
1816 1329 1880 1377 ad

451 1418 654 1475 quaestus
684 1425 795 1455 suos
828 1407 1074 1456 uberiores
1104 1408 1361 1456 faciendos.
1395 1410 1511 1466 Quae
1534 1406 1702 1474 procul
1727 1405 1878 1454 dubio

450 1486 615 1550 iniqua
648 1494 695 1532 et
727 1485 900 1549 injusta
929 1495 1071 1550 atque
1097 1487 1185 1533 toti
1206 1487 1464 1551 provinciae
1482 1483 1879 1550 perniciosissima

444 1563 707 1623 'exsistunt3
746 1562 830 1610 sed
862 1563 1093 1626 quoniam
1113 1564 1189 1611 vel
1208 1564 1271 1611 ad
1305 1563 1487 1611 facilius
1513 1561 1811 1610 inchoandas
1833 1570 1880 1609 et

450 1640 804 1705 promovendas
837 1640 957 1701 lites,
998 1640 1073 1687 vel
1107 1640 1168 1688 ad
1204 1641 1328 1705 ipsas
1357 1641 1506 1687 serius
1531 1639 1606 1686 vel
1629 1653 1878 1701 nunquam

451 1718 768 1780 dirimendas,
801 1734 884 1765 seu
908 1717 1023 1766 alias
1043 1717 1232 1765 lucrosa
1254 1718 1366 1782 ipsis
1390 1717 1699 1765 advocatisxet
1715 1716 1879 1781 patriis

447 1795 688 1860 judicibus
718 1794 1000 1857 redduntur,
1037 1812 1094 1843 ea
1129 1795 1312 1842 cunctis
1339 1794 1512 1842 divinis
1545 1794 1620 1841 vel
1656 1792 1880 1841 humanis

453 1875 675 1922 institutis
698 1874 916 1939 praeferre
945 1873 1183 1938 bonisque
1215 1883 1262 1920 et
1290 1872 1505 1938 probatis
1525 1869 1879 1919 consuetudini-

452 1951 544 1998 bus
572 1951 952 2016 quibuscumque
987 1951 1232 1999 sollicitius
1259 1961 1400 2014 atque
1427 1949 1690 1999 animosius
1719 1948 1878 1996 obser-

453 2044 564 2076 vare
582 2039 629 2076 et
647 2028 900 2077 defendere
916 2028 1122 2076 student.

456 2177 550 2216 dont
568 2191 608 2217 se
634 2178 756 2230 plaint
773 2177 940 2217 Thomas
966 2178 1079 2216 Basin
1104 2191 1155 2217 ne
1181 2178 1263 2217 doit
1292 2191 1360 2230 pas
1392 2179 1473 2217 etre
1495 2177 1641 2230 impute
1665 2177 1878 2217 seulement

456 2256 478 2280 a
500 2243 618 2281 Louis
639 2246 718 2292 XI,
739 2256 889 2282 comme
907 2243 933 2281 il
953 2243 978 2282 l'
981 2256 1004 2281 a
1023 2243 1091 2282 fait
1111 2244 1434 2296 precedemment.

513 2307 550 2345 1.
580 2305 767 2344 Pandolfo
784 2305 1305 2358 Malatesta,predecesseu1
1332 2306 1398 2345 de¹
1409 2305 1594 2344 Philibert
1622 2304 1671 2344 de
1704 2303 1879 2358 Montjeu

457 2383 524 2408 sur
538 2369 575 2408 le
592 2369 696 2422 siege
715 2370 763 2408 de
781 2371 1015 2420 Coutances,
1037 2370 1355 2410 demissionnaire
1377 2383 1425 2409 en
1450 2371 1569 2408 1424.
