2060 3392
672 313 819 350 LIBER
846 312 1098 350 SEPTIMUS.
1508 315 1586 352 18⁹

172 401 348 467 noluit,
373 401 448 454 vel
478 401 676 447 minime
707 416 850 447 ausus
879 399 989 459 suit3
1017 415 1206 461 verum,
1231 410 1370 465 pacta
1400 410 1584 466 treuga,

171 494 283 527 cum
313 477 706 542 Burgundionum
738 477 969 524 exercitus
1002 477 1126 526 fame
1151 493 1407 543 rerumque
1427 472 1590 528 neces-

170 556 400 605 sariarum
432 555 594 620 inopia
630 570 764 619 paene
791 553 1015 603 deficeret
1030 591 1043 615 ‚
1084 556 1286 604 intactos
1316 554 1449 604 abire
1485 573 1591 622 per-

172 633 335 681 misit¹.

642 830 981 875 CAPITULUM
1021 830 1122 874 XV.

513 967 564 999 De
581 964 811 1011 eleemosynis
829 964 940 1011 ipsius
954 972 988 998 et
1007 963 1259 999 oblationibus.

235 1085 328 1133 Sed
344 1085 573 1150 quoniam
589 1084 725 1132 multi
739 1094 1049 1132 assentatores
1065 1085 1137 1131 sui
1150 1083 1417 1133 oblationes
1432 1096 1480 1133 et
1494 1103 1595 1134 mu·

169 1161 432 1212 nificentias
462 1163 563 1227 ejus
593 1164 640 1210 in
666 1162 922 1209 nonnullas
956 1161 1127 1209 domos
1151 1164 1449 1211 orationum²
1470 1164 1593 1212 mul·

170 1250 274 1288 tum
293 1241 543 1302 extollunt,
570 1241 857 1300 intueamur,
883 1240 920 1286 si
939 1239 1111 1304 placet,
1139 1239 1226 1305 [in]
1245 1251 1474 1305 quantam
1493 1242 1590 1289 lau-

169 1317 281 1366 dem
303 1330 446 1384 atque
463 1318 822 1366 aestimationem
841 1317 952 1364 duci
971 1327 1259 1365 mereantur.
1283 1321 1374 1366 Eas
1396 1319 1594 1383 quidem

170 1412 282 1443 cum
305 1396 418 1462 ipsis
439 1394 764 1455 laudaremuS‚
798 1394 835 1441 si
858 1410 915 1441 ex
937 1395 1130 1442 caritate
1165 1404 1213 1442 et
1239 1395 1326 1442 Dei
1349 1411 1513 1443 amore
1535 1396 1594 1444 de

168 1473 366 1539 proprio
384 1471 500 1520 fisco
521 1483 568 1519 et
591 1472 881 1537 patrimonio
904 1487 983 1519 eas
1002 1471 1201 1532 fecisset,
1220 1482 1268 1519 et
1284 1472 1350 1519 sic
1365 1472 1595 1521 virtutum

169 1567 226 1600 ac
252 1551 492 1617 sapientiae
528 1559 790 1598 amatorem
813 1549 1096 1615 justitiaeque
1136 1550 1341 1597 maxime
1381 1567 1432 1598 se
1465 1551 1596 1599 exhi·

169 1628 348 1678 buisset
366 1629 616 1677 cultorem.
643 1628 736 1676 Sed
756 1645 868 1676 cum
889 1629 1105 1694 pessimis
1127 1627 1344 1677 moribus
1365 1630 1594 1695 omnique

170 1707 403 1772 repletum
435 1707 681 1771 iniquitate
721 1716 864 1769 atque
898 1705 1021 1753 dolis
1057 1722 1105 1753 se
1150 1705 1433 1766 ostenderit,
1476 1723 1596 1770 quo·

171 1783 320 1831 modo
353 1784 483 1849 apud
522 1787 678 1831 Deum
714 1782 981 1830 oblationes
1017 1783 1122 1829 talis
1154 1783 1241 1829 viri
1281 1782 1595 1847 acceptabiles

171 1877 272 1909 esse
291 1870 578 1926 potuerunt,
613 1877 724 1907 cum
754 1861 949 1925 Sapiens
977 1859 1027 1905 in
1056 1859 1151 1906 suis
1182 1858 1448 1906 Proverbiis
1480 1859 1595 1908 dicit

172 1938 330 2002 quod,
370 1958 394 1981 α
421 1939 619 1985 victimae
655 1938 912 2002 impiorum
945 1935 1293 1984 abominabiles
1329 1945 1441 1983 sunt
1464 1938 1593 2002 apud

171 2019 351 2078 Deum3
380 2025 493 2064 vota
505 2017 741 2079 justorum
768 2014 1043 2080 placabilia;
1076 2033 1098 2058 n
1125 2015 1242 2061 etin
1267 2013 1592 2061 Ecclesiastico

170 2096 400 2160 scriptum
430 2095 491 2142 sit
511 2094 645 2159 quod
669 2114 692 2139 α
720 2094 851 2141 dona
879 2093 1155 2157 iniquorum
1180 2109 1280 2139 nou
1303 2091 1475 2156 probat
1493 2095 1592 2138 Do-

171 2173 352 2232 minus,
386 2190 474 2220 nec
505 2172 695 2237 respicit
723 2172 771 2218 iu
802 2170 1068 2218 oblationes
1098 2169 1403 2233 iniquorum;
1429 2188 1453 2213 »
1489 2186 1592 2215 rur·

172 2263 276 2294 sum
311 2263 422 2294 cum
458 2247 685 2311 scriptum
721 2247 810 2292 sit:
859 2265 882 2289 α
913 2247 1108 2291 Honora
1145 2243 1399 2290 dominum
1438 2245 1591 2290 Deum

175 2330 308 2370 tuum
330 2323 389 2370 de
411 2333 493 2370 tua
510 2321 790 2381 substantia,
811 2330 856 2368 et
878 2320 938 2367 de
959 2319 1176 2385 primitiis
1197 2318 1383 2381 frugum
1403 2328 1591 2365 tuarum

174 2399 237 2448 da
251 2400 571 2467 pauperibus?
590 2420 612 2445 »
639 2400 814 2458 Quales
835 2399 1144 2462 eleemosynae
1166 2407 1213 2444 et
1234 2395 1519 2455 oblationes,
1546 2406 1591 2443 et

174 2493 316 2541 quam
346 2479 592 2526 meritoriae
615 2494 713 2526 esse
736 2485 994 2542 potuerunt
1023 2478 1218 2538 Deoque
1251 2472 1587 2538 acceptabileS‚

175 2559 279 2615 quae
313 2568 407 2599 non
449 2552 642 2600 aliunde
677 2567 821 2616 quam
856 2551 915 2598 de
957 2549 1156 2614 rapinis,
1196 2545 1590 2595 concussionibus

176 2627 515 2692 calumniisque
548 2639 594 2676 et
632 2628 860 2692 sanguine
896 2641 1160 2692 pauperum
1195 2624 1326 2671 sactae
1355 2640 1439 2688 per
1477 2638 1587 2669 eum

233 2764 268 2796 1.
301 2759 396 2808 Voy.
420 2766 447 2797 t.
470 2760 526 2805 11,
547 2771 587 2809 p.
609 2760 700 2796 276.

231 2821 269 2859 2.
300 2822 372 2859 Ms.
393 2820 615 2858 arationum.
