2060 3392
707 249 855 289 mun
895 248 1150 291 sumnus.
1563 251 1633 288 ¹51

219 343 409 391 civitate
429 351 567 390 erant
586 355 774 402 summo
791 339 905 387 odio
930 354 1070 386 suum
1092 339 1369 404 episcopum
1391 337 1638 401 babentes,

221 419 508 469 sufficientes
525 419 696 483 vigilite
715 418 791 465 vel
814 417 1035 465 custodes
1053 415 1256 465 adhibiti
1276 416 1483 464 fuerunt.
1503 417 1640 465 Unde

219 496 409 547 exitiale
429 497 611 545 malum
633 495 854 562 provenit
875 495 1069 543 civitati.

284 575 420 622 Feria
436 571 672 638 siquidem
690 581 876 637 quarta,
894 588 999 637 quae
1014 581 1116 620 erat
1129 571 1231 619 dies
1246 571 1448 636 septima
1461 573 1577 620 maii
1595 584 1643 622 et

220 651 379 716 vigilia
393 651 691 700 Ascensionis
708 649 979 710 dominicae,
1000 649 1130 697 dicto
1152 665 1283 697 anno
1298 663 1640 715 nccnaxxxm,

221 729 284 777 de
316 738 456 776 nocte
471 730 502 789 ¹,
527 729 655 776 circa
676 727 851 775 horam
878 727 1140 775 secundam
1165 736 1276 791 post
1295 727 1505 775 mediam
1529 745 1645 777 noc-

208 801 344 868 tem,
369 807 602 875 irruean
621 805 717 852 illic
742 805 974 852 Henricus
1004 804 1065 852 de
1104 803 1328 853 Nievelde
1356 814 1405 852 et
1425 805 1645 855 satellites

218 900 343 951 quos
363 884 424 934 de
451 894 577 933 terra
597 884 806 932 Clivensi
829 894 878 931 et
899 882 1219 931 Amersfordia
1246 899 1408 931 sec-um
1433 883 1644 933 adduxe-

219 973 311 1027 rat,
338 963 603 1023 neminem,
627 963 711 1028 qui
731 978 823 1028 pro
847 961 1126 1010 defensione
1147 970 1292 1009 staret
1311 962 1361 1008 in
1384 961 1642 1026 moenibus,

218 1042 521 1090 invenerunt.
567 1040 707 1087 Unde
747 1039 884 1089 facile
925 1039 1133 1088 admotis
1168 1038 1305 1087 scalis
1341 1039 1404 1088 ad
1447 1057 1611 1089 muros
1628 1079 1642 1102 ‚

221 1118 480 1167 obsistente
497 1118 649 1180 nullo,
664 1117 1001 1166 transcendere
1018 1134 1182 1165 muros
1197 1126 1472 1183 potuerunt.
1493 1121 1531 1165 E
1545 1119 1649 1184 qui-

219 1196 312 1245 bus
345 1213 460 1244 cum
494 1195 716 1244 modicus
754 1211 983 1243 numerus
1009 1197 1137 1243 intro
1175 1196 1414 1244 civitatem
1449 1196 1646 1245 deseen-

220 1274 365 1322 disset
381 1308 395 1334 ,
426 1274 574 1322 fertur
602 1273 736 1338 quod
768 1273 1028 1338 quamdam
1058 1283 1248 1339 portam
1278 1275 1528 1340 parvulam
1560 1288 1644 1323 seu

221 1355 397 1404 ostium
413 1391 427 1416 ,
462 1369 550 1420 per
573 1352 709 1418 quod
734 1363 1075 1419 praeparatores
1095 1354 1338 1401 coriorum
1369 1351 1432 1401 ad
1468 1353 1642 1403 fossam

221 1432 423 1481 civitatis
452 1441 501 1480 et
529 1447 704 1497 aquam
734 1431 861 1479 exire
882 1441 1250 1492 consueverant,
1275 1432 1571 1496 aperuerint,
1596 1444 1646 1481 et

221 1526 309 1578 per
330 1510 608 1576 hujusmodi
636 1510 851 1558 foramen
874 1518 958 1557 s'eu
980 1509 1158 1556 ostium
1181 1509 1374 1557 turbam
1403 1511 1643 1559 sociorum
1687 1520 1693 1521 ’

221 1600 421 1637 morum
456 1587 813 1635 intromiserim.
852 1587 946 1644 Qui
981 1602 1151 1633 omnes
1175 1586 1227 1633 in
1257 1603 1409 1634 unum
1446 1588 1643 1651 globum

222 1666 433 1725 collecti,
466 1666 562 1713 suis
603 1665 761 1731 stipati
799 1665 944 1712 armis
958 1701 972 1725 ‚
1005 1665 1242 1730 praecipue
1272 1664 1615 1715 bombardellis
1628 1704 1641 1726 ‚

223 1740 405 1790 balistis
424 1752 472 1790 et
495 1743 672 1801 contis,
706 1742 913 1806 plateam
940 1741 1141 1788 civitatis
1172 1742 1426 1806 petierunt.
1465 1745 1518 1789 ln
1549 1759 1646 1807 qua

225 1818 462 1883 siquidem
482 1820 678 1866 inventa
698 1833 846 1884 parva
875 1833 1025 1866 manu
1046 1810 1464 1882 stipendiariorum
1480 1856 1494 1881 ‚
1524 1837 1647 1884 quos

227 1895 455 1961 proximis
478 1905 589 1943 ante
610 1894 780 1943 diebus
802 1893 961 1941 bonus
979 1894 1192 1959 pontifex
1213 1911 1303 1960 pro
1324 1895 1541 1944 custodia
1558 1898 1646 1945 ad-

225 1974 442 2035 sciverat,
468 1989 579 2021 cum
601 1974 669 2020 eis
690 1972 838 2019 ferme
854 1987 940 2037 per
959 1970 1165 2019 duarum
1186 1972 1393 2037 spatium
1416 1973 1647 2022 horarum

225 2051 511 2098 acerrimum
533 2050 811 2098 conflictum
827 2048 1117 2097 habuerunt.
1139 2050 1472 2099 Defendebant
1484 2054 1499 2077 ⁸
1518 2053 1647 2100 enim

226 2127 294 2175 illi
314 2137 506 2176 strenue
527 2129 734 2194 plateam
751 2146 763 2187 ;
787 2126 1132 2176 bombardellis
1152 2137 1201 2175 et
1222 2129 1360 2176 variis
1393 2129 1647 2178 missilibus

226 2206 449 2255 inimicos
471 2207 698 2273 repellere
722 2205 1011 2270 satagebant.

293 2284 598 2332 Hor-rendum
630 2293 732 2332 erat
755 2293 803 2331 et
830 2283 1130 2332 formidabile
1152 2283 1318 2332 audire
1347 2284 1652 2333 bombardel-

229 2360 384 2409 larum
403 2371 451 2410 et
471 2362 719 2410 missilium
746 2362 926 2425 jactus,
950 2363 1034 2427 qui
1055 2362 1169 2409 hinc
1191 2371 1239 2409 et
1260 2362 1372 2410 inde
1394 2363 1651 2411 mitteban-

232 2445 340 2500 tut-3
383 2448 481 2487 tam
521 2440 650 2487 enim
695 2438 867 2487 crebro
905 2450 954 2487 et
996 2441 1282 2488 incessanter
1318 2441 1616 2506 crepitabant
1636 2479 1648 2501 ‚

223 2553 229 2557 ”
289 2578 327 2615 ¹.
358 2575 579 2626 Matthaeus,
598 2578 750 2631 d’apres
770 2579 826 2618 les
844 2579 1022 2631 registres
1039 2578 1088 2617 de
1105 2578 1237 2620 l‘hotel
1255 2580 1304 2619 de
1321 2580 1412 2619 ville
1431 2579 1652 2626 d'Utrecht,

235 2637 383 2689 corrige
404 2638 579 2678 l'cnonce
604 2641 652 2679 de
676 2650 775 2679 cette
809 2642 896 2680 date
910 2671 920 2689 ‚
949 2642 1015 2693 qui
1040 2642 1132 2680 etait
1149 2641 1314 2682 l'octave
1332 2652 1370 2681 et
1387 2656 1466 2682 non
1487 2645 1524 2682 la
1542 2643 1656 2682 veille

237 2699 287 2738 de
301 2700 551 2740 l'Ascension.

290 2764 329 2801 2.
360 2762 559 2802 Matthaeus
576 2766 839 2815 defenderunt.
