2060 3392
673 281 815 318 LIBER
843 280 1043 319 SEXTUS.
1489 279 1565 316 105

154 370 312 418 tamus
347 375 578 434 magnam
604 367 957 416 ‘multitudinem
994 367 1044 413 in
1084 366 1179 414 suis
1215 365 1427 429 saginare
1463 381 1566 430 pas-

155 446 313 494 cuosis
345 455 392 494 et
421 444 708 511 palustribus
739 443 872 491 locis.
900 442 1103 491 Aiebant
1130 440 1362 489 abductos
1396 440 1534 488 fuisse
1549 478 1561 501 ‚

154 533 323 590 praeoer
338 524 430 571 alia
451 523 599 571 multa
621 539 725 587 quae
753 521 802 568 in
824 520 1034 587 praedam
1067 520 1278 568 similiter
1298 528 1562 578 cesserunt,

154 615 297 666 mper
326 600 456 647 mille
484 609 531 647 et
564 600 796 646 ducentos
815 597 968 645 boves
983 635 995 658 ‚
1027 597 1109 661 qui
1126 597 1224 661 jam
1247 595 1310 644 ad
1329 595 1567 643 deducen-

154 676 272 726 dum
306 676 369 725 ad
412 677 651 724 nundinas
676 674 1052 741 hujusce[modi]
1080 684 1402 722 armentorum
1419 711 1431 735 ‚
1465 691 1569 738 quae

98 816 103 820 ⁵
154 753 322 802 iisdem
349 753 646 820 temporibus
667 753 895 802 celebrari
919 754 1073 801 solent
1094 753 1143 799 in
1166 753 1401 818 plerisque
1421 752 1540 799 locis
1553 789 1565 811 ‚

154 830 326 880 niaturi
351 841 493 896 atque
516 833 669 898 parati
687 842 836 880 erant.

219 909 313 956 Sed
347 908 676 974 hujuscemodi
711 909 977 957 calamitate
1015 908 1121 955 licet
1163 908 1365 971 graviter
1400 906 1540 954 attriti
1554 944 1581 967 ,⁷

154 986 306 1049 nihilo
327 996 485 1034 tamen
508 985 707 1052 [minus]
730 987 1029 1050 magistratus
1061 985 1226 1050 oppidi
1252 1002 1335 1032 seu
1356 984 1572 1032 factionis

153 1061 301 1111 duces
325 1063 522 1111 emolliti
556 1074 691 1124 sunt,
733 1064 815 1111 sed
849 1079 1033 1128 semper
1071 1063 1220 1126 magis
1257 1078 1313 1110 ac
1348 1062 1496 1125 magis
1522 1061 1572 1108 in

155 1139 462 1193 acerbitatem
492 1141 591 1188 odii
626 1151 769 1205 atque
797 1141 1149 1188 inimicitiarum
1176 1141 1225 1186 in
1254 1155 1392 1186 suum
1414 1139 1573 1204 ponti-

157 1216 298 1267 ficem
331 1228 381 1266 et
414 1228 655 1284 pastorem
696 1227 968 1266 exarserunt
987 1254 999 1277 ‚
1027 1218 1137 1265 licet
1174 1234 1262 1265 nec
1296 1218 1466 1278 ullam,
1503 1217 1573 1264 vel

157 1295 406 1344 minimam
429 1296 761 1360 hujuscemodi
791 1295 890 1344 odii
924 1295 1222 1361 probabilem
1244 1296 1354 1342 satis
1383 1311 1575 1342 causam

157 1372 316 1421 dicere
340 1374 414 1421 vel
437 1374 704 1439 approbare
726 1374 1017 1440 potuissent3
1042 1390 1153 1421 cum
1176 1373 1388 1438 profecto
1407 1372 1576 1436 justius

157 1463 215 1498 ac
253 1451 410 1498 verius
449 1461 495 1498 et
532 1452 592 1499 de
629 1452 741 1517 ipsis
779 1451 1153 1515 Trajectensibus
1197 1450 1326 1498 idem
1364 1449 1576 1515 pontifex

158 1527 316 1576 dicere
342 1539 530 1594 poterat
559 1529 692 1594 quod
724 1529 784 1576 de
816 1530 984 1593 iniquo
1008 1529 1280 1576 Judaeorum
1309 1529 1358 1575 in
1390 1545 1439 1575 se
1464 1528 1576 1575 odio

158 1604 373 1653 Salvator
393 1616 552 1654 noster
573 1606 691 1653 dixit
707 1644 719 1667 ,
746 1606 1153 1670 quemadmodum
1172 1606 1222 1653 in
1239 1606 1486 1669 evangelio
1505 1608 1579 1652 Jo-

158 1680 332 1731 hannis
349 1683 571 1748 legimus:
599 1704 622 1728 <t
645 1684 772 1732 Odio
791 1685 958 1748 iniquo
977 1684 1250 1732 habuerunt
1267 1701 1344 1732 me
1370 1684 1533 1747 gratis3
1552 1703 1575 1728 n

161 1767 209 1807 et
222 1761 354 1824 quod
376 1763 425 1809 in
446 1762 631 1827 psalmo
650 1763 710 1810 de
728 1779 787 1810 eo
804 1772 1048 1810 cantatur:
1071 1781 1094 1806 «
1112 1762 1237 1819 Quia
1254 1759 1580 1808 retribuebant

162 1834 279 1884 mihi
307 1838 434 1886 mala
454 1855 544 1904 pro
566 1838 736 1899 bonis;
768 1862 789 1883 »
816 1849 862 1886 et
883 1839 1089 1903 plurima
1109 1838 1458 1903 hujuscemodi.

226 1916 541 1963 procurrente
583 1926 741 1964 autem
788 1915 1119 1979 hujuscemodi
1165 1915 1391 1963 odiorum
1439 1925 1581 1978 atque

162 1991 516 2058 inimicitiarum
544 1993 675 2041 rabie
707 2010 762 2040 ac
789 1993 971 2051 surore,
1007 1992 1092 2039 diu
1122 1993 1284 2040 civitas
1315 1992 1580 2055 Trajeeten-

86 2127 90 2131 ι
163 2070 286 2118 sium
303 2107 317 2131 ‚
359 2069 449 2117 sub
495 2071 680 2118 caristia
724 2086 928 2117 annonae
974 2070 1383 2135 plurimarumque
1422 2085 1580 2116 rerum

162 2147 377 2196 humano
408 2149 514 2195 usui
546 2149 914 2196 necessariarum
951 2148 1173 2195 atrociter
1204 2157 1395 2211 gravata
1409 2185 1421 2208 ‚
1452 2147 1582 2194 elan-

166 2226 287 2289 guit,
311 2235 359 2272 et
382 2225 506 2274 fame
528 2236 574 2273 et
590 2264 602 2287 ,
631 2242 736 2289 quae
763 2225 875 2272 inde
906 2226 1035 2272 nasci
1058 2225 1213 2272 solent
1229 2263 1241 2285 ‚
1263 2225 1407 2273 variis
1427 2224 1584 2272 homi-

165 2318 283 2349 num
306 2302 565 2365 mortibus,
592 2302 773 2350 morbis
795 2313 936 2367 atque
961 2302 1320 2366 aegritudinibus
1351 2302 1578 2350 extabuit.

165 2382 234 2428 lta
255 2381 385 2428 enim
422 2381 620 2429 invaluit
652 2380 820 2441 fames,
855 2379 920 2427 ob
955 2381 1192 2428 caristiam
1227 2380 1505 2447 victualium
1538 2388 1584 2425 et

166 2458 464 2522 pauperiem,
486 2474 633 2523 quam
650 2457 779 2524 apud
795 2458 1024 2522 majorem
1040 2458 1207 2524 populi
1231 2457 1582 2505 multitudinem

166 2534 299 2582 furor
336 2534 534 2583 bellicus
569 2537 870 2601 importarat‚
910 2546 963 2582 ut
1002 2535 1182 2600 ubique
1224 2552 1310 2600 per
1358 2535 1489 2581 vicos
1539 2543 1584 2579 et

169 2611 347 2675 plateas
373 2613 461 2660 viri
490 2629 546 2661 ac
579 2614 822 2674 mulieres,
847 2612 929 2661 sed
950 2613 1131 2675 majore
1154 2629 1356 2660 numero
1376 2611 1510 2676 pueri
1539 2620 1585 2657 et

170 2687 396 2750 infantes,
417 2690 544 2737 velut
565 2690 849 2738 simulachra
872 2707 955 2749 seu
982 2700 1283 2736 mortuorum
1310 2688 1491 2735 umbrae
1509 2704 1586 2733 su-

170 2780 255 2828 per
277 2775 449 2813 terram
470 2766 768 2814 ambulantes
784 2768 942 2832 potius
962 2776 1255 2832 putarentur.
