2060 3392
459 226 462 231 ’
542 244 591 280 66
902 239 1245 278 fflsTomARUM
1274 238 1509 276 Lnnovlm
1538 239 1594 275 xl

541 330 644 392 gnis
665 329 816 393 copiis
837 327 899 376 ad
921 327 1149 376 auxilium
1174 323 1430 390 pontificis,
1450 324 1585 389 cujus
1609 325 1784 374 militiae
1803 325 1958 377 dictus

539 421 701 454 comes
722 405 1039 468 Hieronymus
1058 401 1338 467 praepositus
1358 411 1459 449 erat
1476 411 1525 449 et
1547 401 1734 450 ductor.

606 482 828 529 Videntes
856 491 1015 528 autem
1049 479 1309 528 Florentini
1346 477 1538 527 difficile
1559 495 1615 527 ac
1636 479 1956 544 periculosum

535 559 626 607 sibi
643 559 891 609 imminere
906 557 1106 618 bellum,
1124 560 1331 604 Venetos
1344 555 1409 622 [et
1424 556 1634 622 caeteros]
1654 574 1776 622 quos
1795 567 1958 623 potue-

535 646 663 698 runt,
695 635 925 683 foederare
961 644 1008 682 et
1037 633 1127 681 sibi
1158 634 1209 682 in
1243 634 1472 682 auxilium
1503 651 1741 683 accersere
1769 634 1957 684 studue-

534 724 661 763 runt.
702 713 797 778 Sed
827 730 938 760 cum
983 710 1163 760 viribus
1202 712 1407 777 impares
1438 711 1629 760 duobus
1663 713 1753 761 illis
1788 713 1956 762 validis

531 790 770 857 pontificis
791 799 839 837 et
858 790 981 854 regis
998 789 1279 837 exercitibus
1301 790 1593 852 exsisterent,
1609 791 1692 855 qui
1707 791 1956 855 jamintra

530 870 701 917 limites
712 878 946 916 terrarum
958 883 1151 915 suarum
1164 884 1213 915 se
1225 867 1508 930 effuderant,
1518 868 1750 933 pluraque
1765 870 1955 919 castella

531 957 672 995 antea
701 962 797 994 suae
818 945 1034 1007 ditionis,
1060 945 1135 993 vel
1162 954 1293 992 metu
1317 945 1537 993 exterrita
1558 945 1621 993 ad
1641 945 1802 994 hostes
1829 946 1956 995 defe-

531 1025 667 1087 cisse,
690 1023 765 1071 vel
782 1023 845 1072 ab
865 1024 932 1072 eis
949 1023 996 1070 vi
1015 1033 1154 1088 capta
1176 1032 1224 1070 et
1245 1021 1431 1088 direpta
1459 1022 1676 1072 viderent
1689 1061 1702 1086 ,
1728 1013 1819 1089 ipsi
1839 1041 1953 1090 pru-

529 1103 698 1150 denter
719 1101 1148 1150 animadvertentes
1175 1101 1305 1165 quali
1325 1100 1624 1164 subjacerent
1645 1103 1877 1168 periculo,
1915 1104 1954 1151 si

530 1181 706 1228 diutius
724 1179 905 1227 bellum
921 1178 1173 1226 adversum
1188 1195 1237 1226 se
1255 1189 1574 1244 procurreret,
1591 1181 1668 1227 cui
1689 1180 1741 1227 in
1754 1180 1954 1244 longum

527 1257 807 1305 sustinendo
823 1257 943 1304 vires
965 1273 1076 1318 suae,
1093 1257 1235 1320 longe
1250 1256 1464 1304 hostium
1486 1258 1710 1322 potentiae
1727 1258 1950 1323 impareS‚

527 1336 724 1383 minime
772 1333 988 1382 sufficere
1021 1335 1307 1399 potuissent,
1341 1335 1400 1383 de
1434 1335 1757 1400 perquirendo
1793 1336 1953 1384 medio

527 1413 656 1478 pacis
677 1412 962 1475 cogitarunt.
977 1411 1123 1476 Cujus
1144 1412 1213 1459 rei
1236 1412 1384 1475 gratia
1400 1413 1652 1478 praedictus
1675 1405 1955 1462 Laurentius

527 1490 589 1538 de
607 1490 818 1553 Medicis,
840 1500 1071 1554 tanquam
1111 1491 1160 1537 i'n
1208 1507 1294 1539 sua
1336 1491 1582 1557 republica
1616 1493 1868 1559 primarius
1907 1505 1955 1543 et

530 1569 815 1633 praecipuus,
841 1578 888 1615 et
907 1567 972 1615 ob
996 1567 1131 1632 cujus
1152 1569 1504 1617 aemulationem
1527 1568 1670 1635 atque
1705 1571 1872 1619 odium
1886 1573 1954 1620 illi

527 1643 587 1691 de
610 1645 758 1692 Passis
802 1655 955 1693 totum
981 1645 1139 1706 illum,
1178 1654 1226 1692 et
1257 1645 1592 1707 domesticum,
1627 1657 1675 1694 et
1705 1658 1953 1697 externum

525 1724 784 1771 tumultum
818 1724 1103 1784 excitarant,
1143 1740 1200 1771 ex
1231 1735 1375 1789 portu
1409 1725 1580 1774 Pisano
1623 1743 1735 1775 cum
1766 1726 1971 1776 duabus.

526 1801 799 1849 triremibus
822 1801 1070 1866 Neapolim
1091 1800 1153 1848 ad
1178 1818 1338 1865 regem
1360 1803 1613 1867 navigavit.
1641 1804 1780 1869 Apud
1807 1822 1952 1870 quem

527 1888 574 1926 et
597 1879 698 1943 ejus
715 1878 1062 1927 interventione
1085 1879 1217 1944 apud
1243 1879 1551 1944 pontificem,
1594 1881 1853 1930 Florentini
1879 1900 1950 1930 re-

527 1958 875 2005 conciliationis
899 1967 947 2005 et
969 1956 1270 2006 discessionis
1299 1975 1328 2006 a
1366 1958 1495 2006 bello
1527 1961 1725 2024 gratiam
1758 1962 1951 2009 invene-

529 2044 671 2095 runt;
702 2035 768 2082 sic
799 2033 956 2098 quod,
978 2033 1115 2082 brevi
1145 2036 1255 2082 satis
1276 2037 1504 2101 temporis
1539 2038 1710 2103 spatio,
1734 2038 1952 2102 hujusce·

530 2113 661 2160 modi
707 2129 954 2160 armorum
994 2112 1205 2178 procella
1220 2147 1235 2171 ,
1287 2130 1392 2178 quae
1432 2114 1714 2163 Florentinis
1755 2116 1951 2164 exitium

528 2190 697 2237 minari
730 2189 981 2238 videbatur
994 2227 1007 2251 ,
1033 2190 1119 2237 Dei
1148 2190 1432 2254 providente
1467 2192 1717 2240 clementia
1732 2230 1745 2254 ,
1787 2193 1950 2242 sedata

527 2278 597 2316 est
613 2305 626 2330 ,
653 2277 700 2315 et
733 2269 863 2332 pacis
902 2267 1112 2315 rediviva
1148 2268 1338 2316 lenitate
1375 2278 1517 2334 atque
1555 2270 1807 2318 dulcedine
1855 2270 1949 2319 fere

527 2346 777 2395 serenata¹.

527 2492 586 2530 roi
609 2491 658 2530 de
682 2490 823 2543 Naples
848 2491 960 2544 apres
984 2490 1215 2544 l'expulsion
1234 2491 1302 2530 des
1326 2492 1504 2543 Francais
1524 2506 1572 2531 en
1593 2495 1718 2543 14963
1744 2495 1840 2534 mais
1858 2495 1950 2535 c'est

526 2568 603 2593 une
631 2567 777 2593 erreur,
812 2557 865 2593 Le
891 2554 1045 2606 general
1075 2567 1152 2606 que
1182 2555 1218 2593 le
1242 2555 1301 2593 roi
1324 2555 1541 2595 Ferdinand
1571 2569 1723 2610 envoya
1745 2566 1878 2597 contre
1893 2557 1948 2597 les

526 2617 742 2655 Florentius
761 2618 819 2655 fut
840 2616 1034 2664 Frederic‚
1055 2625 1181 2655 comte
1199 2616 1376 2656 d'Urbin.

581 2684 618 2718 1.
651 2679 831 2718 L’auteur
857 2679 981 2718 aurait
1009 2693 1062 2731 pu
1084 2679 1247 2728 justifier
1277 2689 1376 2719 cette
1401 2681 1612 2733 digression
1646 2696 1694 2722 en
1721 2684 1871 2735 padam
1899 2684 1948 2722 de

524 2742 809 2782 l'intervention
829 2742 876 2781 de
894 2742 1012 2782 Louis
1032 2745 1089 2782 XI
1106 2756 1154 2781 en
1174 2743 1308 2783 faveur
1326 2744 1392 2783 des
1411 2745 1645 2795 Florentins;
1668 2747 1763 2786 mais
1781 2746 1808 2785 il
1824 2744 1947 2799 parait
