2060 3392
477 315 554 354 360
1035 317 1284 355 APOLOGIA
1299 346 1309 363 ‚

476 420 601 465 rem,
627 402 712 452 sed
744 404 839 451 hoc
861 405 911 452 in
940 405 1007 452 eis
1036 404 1283 453 dumtaxat
1311 415 1440 454 amat
1475 405 1607 471 quod
1640 403 1810 472 [juvat]
1832 405 1895 455 ad

474 481 806 547 proximorum
839 481 1092 529 utilitatem
1128 491 1175 529 et
1211 481 1521 530 directionem
1538 517 1551 543 ,
1585 484 1712 545 Deo,
1751 498 1894 547 quem

474 559 630 608 solum
652 568 805 621 amat,
828 577 968 607 suum
984 559 1177 607 exhibet
1194 560 1510 607 ministerium
1528 570 1575 607 et
1595 559 1891 608 famulatum.

476 636 692 697 Profecto
713 637 802 684 ne'c
816 637 855 684 si
867 637 1095 686 violentia
1113 637 1500 703 persequentium
1519 654 1568 685 se
1585 636 1647 686 ab
1667 637 1734 685 eis
1753 637 1898 703 pella-

474 724 551 761 tur
569 723 712 778 atque
734 713 998 778 dejiciatur,
1026 716 1099 763 vel
1125 716 1268 763 etiam
1287 714 1468 762 eisdem
1492 725 1661 780 sponte
1679 731 1737 763 ex
1756 731 1898 763 causa

474 790 745 838 rationabili
784 791 948 854 cedat,
983 809 1040 840 ex
1073 793 1331 841 transitorii
1369 793 1570 840 honoris
1610 791 1823 841 absentia
1852 803 1900 840 et

471 869 697 929 carentia,
712 886 858 934 quem
874 871 1072 919 minime
1091 871 1365 931 adamabat,
1380 887 1470 919 nec
1489 871 1732 935 frangetur
1743 875 1900 937 neque

473 946 763 994 cruciabitur
784 964 1017 1011 unquam.
1054 952 1122 996 Ex
1153 949 1249 997 hoc
1276 966 1377 997 uno
1405 949 1601 1013 quidem
1632 949 1794 997 dolere
1823 950 1900 1015 pie

472 1034 519 1070 et
549 1034 710 1072 sancte
741 1025 916 1090 poterit
944 1026 1078 1089 quod
1109 1026 1199 1074 sibi
1230 1027 1470 1074 auferatur
1504 1036 1646 1090 atque
1675 1027 1902 1092 eripiatur

476 1102 687 1165 facultas,
711 1119 808 1167 qua
829 1102 1047 1169 pluribus
1065 1121 1122 1152 ex
1146 1105 1340 1152 caritate
1362 1114 1411 1152 et
1432 1121 1596 1152 amore
1613 1104 1702 1152 Dei
1723 1104 1902 1152 utiliter

473 1179 698 1245 prodesse
728 1180 977 1246 cupiebat,
1012 1191 1059 1229 et
1089 1182 1222 1246 quod
1256 1182 1306 1229 in
1337 1198 1394 1229 ea
1430 1198 1480 1229 re
1511 1182 1826 1245 ministerium
1857 1191 1905 1230 et

475 1258 757 1306 famulatum
781 1259 895 1318 Dei,
929 1275 1074 1323 quem
1097 1259 1254 1307 solum
1281 1270 1432 1322 amat,
1462 1260 1666 1325 amplius
1686 1256 1904 1308 exercere

476 1346 523 1383 et
543 1335 771 1400 perficere
792 1353 893 1384 non
914 1337 1116 1400 habeat3
1142 1355 1310 1387 verum
1332 1355 1444 1386 cum
1466 1348 1513 1386 et
1531 1338 1645 1400 hoc,
1669 1338 1803 1403 quod
1823 1338 1905 1387 tali

478 1414 740 1462 ministerio
758 1426 915 1463 careat
931 1426 1074 1481 atque
1091 1433 1150 1464 eo
1167 1416 1420 1478 abstineat,
1438 1417 1553 1464 sciat
1565 1428 1666 1464 non
1679 1416 1780 1464 sine
1796 1417 1903 1479 Dei,

478 1508 623 1556 quem
646 1493 803 1540 solum
834 1493 1010 1557 diligit,
1045 1495 1292 1543 voluntate
1312 1494 1590 1558 judicioque
1610 1494 1903 1558 contingere,

479 1570 580 1635 ejus
604 1570 780 1618 auxilio
804 1581 851 1618 et
871 1571 1021 1635 gratia
1038 1571 1245 1635 adjutus,
1266 1588 1401 1619 suam
1418 1571 1714 1619 voluntatem
1736 1571 1908 1619 divinae

480 1648 670 1713 penitus
687 1648 1016 1711 conformans,
1036 1665 1136 1696 non
1156 1648 1312 1697 solum
1330 1648 1514 1696 fortiter
1536 1659 1583 1696 et
1602 1649 1836 1714 patienter
1858 1665 1909 1696 se
1966 1676 1969 1679 ν

430 1745 433 1749 ·
479 1725 626 1774 habet
644 1727 695 1773 in
718 1725 1101 1791 quibuscumque
1120 1726 1484 1774 adversitatibus
1503 1736 1550 1774 et
1572 1726 1910 1791 persecutioni-

479 1802 588 1863 bus,
611 1803 712 1864 sed,
729 1803 861 1867 juxta
878 1803 1192 1869 apostolicam
1213 1803 1500 1865 doctrinam,
1520 1803 1712 1851 etiam«
1735 1802 1910 1868 gloria-

482 1889 558 1927 tur
578 1880 628 1926 in
647 1877 1052 1942 tribulationibus,
1071 1881 1226 1928 sciens
1243 1881 1356 1944 quia
1371 1879 1614 1927 tribulatio
1631 1879 1910 1945 patientiam

483 1967 724 2022 operatur,
750 1959 975 2023 patientia
994 1957 1350 2023 probationem,
1377 1956 1598 2023 probatio
1621 1973 1770 2022 spem.
1795 1958 1911 2023 Spes

482 2051 597 2082 vero
632 2052 734 2082 non
765 2035 1035 2097 confundit,
1074 2036 1188 2100 quia
1225 2036 1394 2083 caritas
1428 2035 1517 2082 Dei
1549 2033 1722 2082 diffusa
1756 2043 1827 2082 est
1860 2035 1910 2081 in

486 2111 712 2160 cordibus
737 2114 912 2161 nostris
932 2130 1020 2179 per
1042 2113 1272 2178 Spiritum
1305 2122 1541 2169 sanctum,
1577 2112 1660 2176 qui
1682 2111 1821 2159 datus
1843 2121 1914 2159 est

486 2190 627 2238 nobis
643 2209 665 2235 »ι
689 2191 831 2239 arrha
848 2191 1064 2258 profecto
1086 2191 1344 2238 certissima
1364 2199 1411 2236 et
1430 2190 1604 2256 pignus
1625 2199 1808 2237 aeternae
1821 2189 1914 2235 hae-

488 2269 723 2331 reditatis3
760 2270 1029 2335 gaudetque
1059 2269 1108 2317 in
1139 2286 1195 2317 ea
1215 2286 1298 2334 spe
1321 2269 1443 2316 miro
1478 2267 1628 2314 modo
1650 2267 1723 2314 vir
1739 2266 1910 2330 justus,

487 2346 684 2410 cupiens
716 2357 764 2394 et
797 2346 1072 2394 desiderans
1102 2356 1204 2393 toto
1227 2347 1398 2393 mentis
1424 2345 1596 2393 affectu
1628 2344 1916 2391 imitatorem

488 2439 538 2470 se
563 2422 665 2469 fieri
688 2439 857 2471 eorum
882 2425 965 2489 qui
1001 2423 1094 2471 fide
1117 2433 1164 2470 et
1191 2423 1417 2489 patientia
1444 2421 1784 2490 haereditarunt
1804 2437 1916 2486 pro·

489 2500 764 2559 missiones,
793 2517 948 2566 eoque
981 2500 1130 2548 modo
1162 2500 1363 2546 invictus
1393 2515 1619 2560 manens,
1653 2514 1740 2563 per
1773 2495 1917 2543 fidem

489 2578 863 2643 patientiamque
899 2579 1043 2626 vincit
1075 2587 1305 2642 tyrannos
1329 2587 1376 2624 et
1397 2592 1560 2640 regna,
1585 2575 1918 2641 experiturque

492 2655 793 2703 verissimum
815 2673 931 2716 esse,
959 2655 1091 2719 quod
1114 2655 1243 2702 idem
1267 2654 1518 2720 Apostolus
1541 2654 1623 2716 ait,
1647 2673 1670 2697 α
1688 2653 1800 2718 quia
1818 2652 1920 2699 dili-

491 2733 711 2797 gentibus
736 2737 892 2782 Deum
912 2734 1077 2781 omnia
1097 2743 1419 2799 cooperantur
1438 2733 1488 2780 in
1513 2732 1716 2792 bonum,
1739 2731 1811 2777 his
1834 2729 1917 2793 qui

490 2811 755 2859 secundum
775 2811 1077 2877 propositum
1099 2811 1254 2858 vocati
1274 2820 1384 2858 sunt
1406 2810 1574 2857 sancti.
1604 2828 1627 2853 υ
