2060 3392
455 280 534 317 298
1022 275 1275 315 APOLOGIA
1293 302 1304 322 ‚

454 381 543 429 pro
561 363 848 430 quibusdam
865 379 1035 428 parum
1053 372 1135 410 aut
1154 363 1274 409 nihil
1290 362 1564 410 necessariis
1581 379 1663 410 seu
1683 362 1876 425 utilibus

453 443 621 502 causis,
647 442 894 507 legationis
913 457 1070 500 causa,
1096 440 1523 506 proficisceremur.

519 523 634 578 Quae
656 538 729 567 res
754 519 894 566 nobis
923 529 970 566 et
993 520 1146 582 gravis
1173 519 1235 566 ad
1257 519 1551 584 portandum
1577 529 1626 567 et
1647 519 1876 568 molestis-

452 599 572 646 sima
594 599 696 658 fuit,
724 615 835 645 cum
850 608 897 646 et
913 597 973 645 de
989 596 1256 663 sumptibus
1277 607 1325 645 et
1346 598 1529 646 viaticis
1544 597 1685 645 nobis
1706 596 1877 646 fiendis

452 678 592 726 nulla
618 694 812 743 prorsus
844 676 1027 724 mentio
1061 676 1335 737 haberetur,
1369 686 1415 725 et
1449 678 1548 738 via,
1587 694 1692 743 quae
1728 677 1877 735 confi-

451 754 621 802 cienda
651 765 768 814 erat,
803 754 1022 802 maximis
1051 764 1099 802 et
1123 771 1400 819 guerrarum
1422 764 1470 802 et
1497 751 1876 812 latrunculorum

451 830 749 880 obsideretur
774 830 1012 896 periculis.
1041 830 1134 884 Sed
1159 831 1302 880 etiam
1323 841 1372 879 et
1394 831 1514 880 citra
1537 841 1584 879 et
1604 831 1757 896 multo
1779 847 1877 882 am-

451 908 574 973 plius
607 908 729 956 ultra
761 911 1039 973 Pyrenaeum
1073 907 1147 956 sol
1177 907 1517 969 incalescebat,
1553 909 1620 957 ita
1655 918 1733 970 ut,
1764 925 1876 963 cum

451 987 768 1041 Barcinonam
789 987 1024 1047 venimus,
1043 997 1092 1035 et
1109 986 1228 1034 fabae
1249 987 1301 1035 in
1323 987 1448 1051 agris
1464 987 1566 1052 jam
1587 988 1720 1045 siccae
1743 996 1792 1036 et
1808 987 1878 1041 ni-

451 1081 559 1128 grae,
585 1075 632 1112 et
654 1081 828 1113 messes
848 1081 905 1113 ex
923 1074 1057 1130 parte
1079 1064 1287 1112 collectae
1311 1074 1481 1113 essent.
1509 1064 1604 1119 Sed
1623 1075 1725 1114 esto
1745 1064 1878 1131 quod

450 1158 540 1190 nec
562 1142 623 1191 de
647 1143 829 1192 viaticis
852 1143 1013 1208 aliqua
1035 1141 1179 1191 nobis
1199 1141 1394 1197 daretur
1415 1143 1644 1209 provisio,
1671 1142 1761 1192 nec
1772 1142 1878 1193 ulla

450 1220 561 1268 satis
587 1220 849 1285 probabilis
882 1220 1004 1268 ratio
1037 1220 1243 1284 exigeret
1274 1229 1329 1267 ut
1361 1220 1444 1268 tali
1482 1219 1671 1269 muneri
1704 1218 1879 1281 subde·-

449 1314 627 1363 remur,
649 1307 836 1359 tamen,
867 1298 1024 1346 omnis
1046 1297 1362 1347 excusationis
1382 1296 1557 1363 rejecta
1573 1295 1874 1361 allegatione,

449 1373 590 1422 nobis
617 1391 784 1441 parere
801 1375 1064 1441 praeceptis
1091 1366 1284 1422 necesse
1312 1373 1416 1421 fuit.
1443 1373 1531 1422 Illo
1553 1374 1714 1439 itaque
1733 1370 1874 1434 tunc,

449 1463 502 1500 ut
522 1451 745 1513 diximus,
774 1463 1009 1518 tempore,
1035 1470 1147 1500 cum
1168 1453 1312 1519 potiri
1333 1452 1528 1502 licentia
1548 1446 1610 1501 de
1626 1451 1877 1505 redeundo

447 1532 498 1579 in
530 1531 780 1580 Franciam
811 1531 952 1579 nobis
982 1530 1169 1583 indulta
1200 1547 1541 1596 sperassemus,
1574 1541 1623 1580 et
1642 1531 1767 1580 infra
1799 1531 1878 1581 tri-

394 1600 398 1602 *
448 1609 600 1657 duum
623 1625 713 1656 nos
743 1624 1010 1656 recessuros
1040 1608 1471 1675 proposuissemus,
1498 1608 1772 1656 necessario
1786 1624 1877 1658 no-

447 1686 522 1734 bis
542 1679 943 1752 proficiscendum
963 1686 1062 1733 ·suit
1089 1695 1137 1733 et
1163 1684 1381 1751 praefatos
1416 1684 1590 1733 ducem
1617 1701 1674 1733 ac
1704 1675 1877 1737 urbem

447 1764 764 1813 Barcinonam
788 1764 937 1812 adire.
965 1767 1020 1811 In
1044 1780 1142 1827 quo
1164 1763 1349 1820 itinere,
1375 1780 1487 1810 cum
1508 1763 1663 1829 patria
1683 1763 1765 1812 illa
1788 1765 1877 1812 Ca-

377 1899 385 1901 *
447 1841 635 1889 taloniae
665 1858 768 1906 quae
787 1841 1169 1906 Ampuritanum¹
1192 1840 1474 1906 appellatur,
1503 1841 1712 1889 totaliter
1741 1858 1876 1907 paene

446 1919 587 1966 variis
615 1935 893 1982 guerrarum
920 1918 1269 1966 calamitatibus
1293 1928 1496 1978 vastata,
1524 1928 1626 1966 tota
1656 1919 1877 1984 squalens

447 2006 588 2060 atque
611 1996 791 2043 inculta
815 1996 1010 2060 jaceret,
1043 1985 1228 2043 tantam
1257 1995 1577 2060 hospitiorum
1602 1996 1874 2044 incommo-

447 2072 665 2133 ditatem,
691 2081 874 2120 tantam
899 2073 1175 2120 victualium
1205 2083 1577 2139 caeterarumque
1602 2090 1763 2129 rerum
1785 2090 1874 2140 pe-

447 2150 637 2199 nuriam
654 2151 779 2215 passi
794 2160 1048 2212 sumus‚-ut
1069 2167 1203 2215 paene
1226 2149 1488 2216 aliquando
1510 2167 1601 2199 nos
1612 2160 1678 2212 et,
1700 2150 1874 2215 quibus

447 2227 760 2288 vehebamur,
786 2228 1004 2292 jumenta
1034 2227 1159 2276 fame
1184 2227 1512 2276 defecerimus.

447 2346 624 2390 Ioannes,
646 2342 876 2380 serenissimi
895 2345 1041 2380 domim·
1066 2347 1166 2394 regis
1183 2331 1459 2394 primogenitus
1475 2371 1487 2392 ,
1507 2347 1660 2393 eJ'usque
1677 2355 1872 2393 regnorum

448 2415 485 2445 et
513 2416 696 2444 terrarum
722 2408 938 2456 Aragonum
952 2436 962 2455 ,
987 2407 1125 2444 Siciliae
1139 2433 1151 2453 ‚
1170 2414 1262 2454 etc„
1281 2404 1509 2457 gubernator
1537 2413 1576 2442 et
1600 2406 1718 2442 locum
1746 2413 1874 2443 tenens

443 2469 653 2519 generalis,
672 2468 754 2504 dux·
775 2465 960 2506 Calabriae
978 2475 1017 2505 et
1037 2467 1294 2517 Locharitzgiae
1313 2480 1358 2504 ac
1378 2470 1561 2516 princeps
1579 2467 1776 2509 Gerunda.
1799 2468 1874 2504 Les

448 2537 548 2568 mots
567 2528 666 2567 bonae
676 2533 876 2576 memoriae,
889 2529 1037 2568 accoles
1057 2532 1077 2567 a
1097 2541 1167 2568 son
1187 2541 1293 2579 nom,
1315 2527 1518 2579 indiquent
1534 2528 1628 2579 qu'il
1647 2527 1750 2567 avait
1767 2527 1873 2568 cesse

449 2591 497 2632 de
524 2591 633 2631 vivre
665 2591 821 2643 lorsque
848 2590 1012 2629 Thomas
1039 2590 1153 2630 Basin
1171 2589 1330 2629 ecrivait
1356 2603 1426 2629 son
1449 2589 1642 2643 apologie.
1668 2589 1874 2633 Effective-

449 2662 555 2693 ment
576 2654 604 2694 il
633 2661 789 2693 mourut
816 2665 865 2692 en
889 2655 1010 2701 1470,
1037 2653 1135 2692 ainsi
1165 2652 1284 2704 qu'on
1313 2653 1363 2691 l'a
1387 2652 1474 2702 deja
1500 2653 1568 2692 fait
1594 2665 1818 2704 remarquer
1843 2654 1870 2692 ἰ

448 2715 644 2755 l'flistoire
666 2715 718 2754 du
736 2715 855 2767 regne
873 2714 922 2754 de
938 2715 1055 2754 Louis
1068 2717 1150 2765 'XL
1173 2723 1201 2753 t.
1223 2717 1282 2763 ΙΙ,
1302 2728 1344 2767 p.
1369 2717 1461 2754 277.

505 2781 545 2817 1.
575 2780 630 2816 Le
647 2776 936 2829 Lampourdan.
1268 2806 1270 2808 ψ
