2060 3392
633 333 779 371 LIBER
799 348 801 350 ·
819 333 1022 371 PRIMUS.
1455 331 1526 368 ³41

114 436 259 487 supra
281 422 601 483 meminimus,
624 422 744 469 ferre
769 431 816 469 et
833 422 1017 487 perpeti
1046 435 1235 469 necesse
1254 417 1529 467 habuimus.

118 501 214 547 Nec
240 509 406 565 expost
419 534 433 558 ‚
473 499 584 547 licet
618 515 903 562 magnorum
934 499 1202 546 interventu
1230 496 1502 563 principum
1518 533 1532 558 ,

116 575 180 626 de
200 593 405 642 quorum
423 587 538 624 tunc
552 577 615 625 ad
632 593 792 640 regem
811 576 1036 640 singulari
1054 575 1376 624 benivolentia
1392 584 1536 637 atque

115 655 339 717 amicitia,
357 665 405 703 et
427 655 530 702 vice
543 670 695 716 versa,
720 654 939 702 omnium
962 654 1201 702 unanimis
1222 663 1324 702 erat
1349 652 1533 719 opinio,

117 732 190 780 usi
223 731 474 794 fuerimus,
519 732 602 796 qui
628 732 803 797 pluries
842 741 889 779 et
924 731 1109 780 vicibus
1139 732 1348 796 repetitis
1375 747 1539 797 preces

116 825 206 874 pro
237 807 378 856 nobis
414 808 567 856 facere
588 807 768 872 dignati
794 817 926 868 sunt,
962 807 1164 873 abipso
1187 824 1296 871 rege
1321 807 1538 856 obtinere

54 922 57 923 γ
116 886 363 952 potuimus
382 885 514 950 quod
529 885 669 933 vellet
689 886 960 950 permittere
977 901 1066 933 nos
1086 886 1136 933 in
1156 885 1356 933 ecclesia
1378 894 1540 933 nostra

115 964 192 1014 vel
215 965 265 1012 in
286 964 536 1031 provincia
558 963 781 1026 residere,
802 974 883 1012 aut
905 963 1136 1011 fructibus
1159 973 1206 1011 et
1229 963 1542 1029 proventibus

116 1041 328 1107 ejusdem
360 1051 532 1089 nostrae
553 1041 759 1089 ecclesiae
782 1041 1004 1106 gaudere.
1032 1041 1387 1089 Tantummodo
1412 1058 1542 1088 secu-

116 1119 304 1167 ritatem
322 1121 470 1166 unus¹
489 1134 579 1184 pro
603 1118 761 1181 nobis,
786 1136 887 1166 non
904 1118 1072 1182 exigua
1093 1135 1177 1167 seu
1196 1117 1277 1165 vili
1300 1119 1419 1183 stipe
1436 1117 1541 1183 [do-

117 1196 299 1262 natus],
318 1205 372 1244 ut
392 1213 536 1261 supra
550 1197 814 1259 retulimus,
832 1197 1040 1245 obtinuit
1057 1197 1190 1261 quod
1208 1213 1370 1245 secure
1390 1213 1541 1261 usque

117 1273 378 1322 Aurelianis
396 1274 573 1321 ·venire
606 1284 653 1321 et
682 1275 778 1322 illic
801 1275 1057 1323 consistere
1078 1290 1348 1340 possemus,
1372 1284 1542 1338 negata

116 1367 311 1416 prorsus
330 1351 535 1398 exeundi
558 1351 763 1413 licentia,
789 1361 931 1417 atque
952 1351 1048 1400 illic
1070 1352 1279 1417 opperiri
1303 1351 1459 1398 donec
1481 1351 1541 1399 de

116 1427 259 1476 nobis
295 1428 527 1492 quidnam
563 1445 645 1476 rex
686 1429 828 1476 vellet
864 1428 966 1476 fieri
999 1429 1072 1477 vel
1104 1429 1294 1494 disponi
1325 1428 1537 1493 juberet,

117 1504 529 1569 quemadmodum
544 1504 684 1553 latius
699 1514 747 1553 et
760 1505 947 1570 plenius
962 1521 1105 1570 supra
1126 1506 1431 1553 retexuimus.
1452 1505 1541 1552 Cui

118 1591 246 1630 certe
267 1591 365 1630 tam
383 1582 542 1629 crudae
560 1592 608 1630 et
628 1582 823 1648 ancipiti
845 1583 1083 1631 securitati
1107 1599 1198 1632 nos
1216 1583 1538 1644 committere,

118 1659 307 1708 attentis
328 1659 423 1707 fide
447 1669 496 1707 et
518 1659 729 1708 efficacia
757 1676 950 1708 suarum
974 1660 1356 1726 plenissimamm
1375 1660 1544 1707 securi·

118 1747 288 1798 tatum,
312 1753 458 1803 quam
483 1748 586 1785 tum
609 1739 660 1785 in
685 1736 828 1785 nobis
847 1737 960 1803 ipsis
974 1773 986 1797 ,
1019 1747 1123 1785 tum
1142 1738 1190 1785 in
1211 1753 1357 1802 quam
1381 1737 1542 1784 multis

118 1814 221 1863 aliis
241 1815 669 1880 comperieramus,
700 1814 975 1862 consultum
1001 1814 1135 1862 nullo
1159 1813 1308 1862 modo
1333 1814 1435 1862 fore
1460 1831 1545 1880 pu·

118 1892 323 1943 tavimus
344 1909 433 1940 nec
446 1892 674 1940 aestimare
696 1890 969 1953 debuimus,
991 1892 1196 1940 maxime
1213 1901 1394 1940 attento
1410 1893 1543 1957 quod

119 1984 232 2015 suos
254 1968 565 2016 amicissimos
581 1967 874 2015 cardinalem
892 1967 1279 2031 Andegavensem
1301 1978 1348 2016 et
1368 1969 1543 2016 Virdu-

118 2061 317 2093 nensem
356 2046 659 2111 episcopum,
698 2061 843 2109 quem
878 2045 1276 2111 promissionibus
1299 2046 1543 2094 honorum

120 2122 521 2188 amplissimorum
540 2121 600 2169 ad
613 2138 662 2169 se
678 2121 934 2186 pellexerat
954 2131 1002 2168 et
1020 2121 1079 2169 de
1096 2122 1250 2170 fratris
1265 2123 1337 2170 sui
1353 2123 1543 2171 servitio

119 2199 182 2249 ad
204 2217 346 2248 suum
368 2201 667 2261 attraxerat’‚
697 2199 828 2246 nulla
858 2199 925 2247 eis
953 2200 1003 2246 in
1030 2200 1135 2263 jure
1162 2200 1405 2248 audientia
1428 2216 1544 2248 con-

121 2294 250 2327 cessa
270 2294 354 2326 seu
374 2278 619 2343 permissa,
645 2276 726 2339 ita,
751 2286 802 2323 ut
821 2293 964 2342 supra
985 2277 1249 2337 retulimus,
1271 2278 1458 2326 vinctos
1484 2288 1544 2325 te-

122 2355 267 2404 nebat
293 2365 341 2403 et
379 2355 538 2403 adhuc
578 2354 725 2402 hodie
761 2363 906 2401 tenet.
947 2356 1166 2413 Quorum
1199 2355 1335 2417 alter,
1371 2356 1548 2404 scilicet

177 2518 216 2555 ¹.
246 2519 300 2555 Le
325 2515 399 2554 sire
428 2515 476 2556 de
494 2515 700 2555 Chatillon.
721 2517 818 2567 voy.
842 2515 1060 2564 ci-dessus,
1082 2530 1122 2569 p.
1147 2518 1239 2556 327.

177 2584 217 2620 Ξ.
248 2580 463 2619 Guillaume
489 2580 537 2619 de
559 2583 804 2619 Harauconrt
824 2581 882 2619 sut
907 2580 955 2619 de
973 2594 1073 2620 ceux
1099 2581 1166 2633 qui
1188 2581 1376 2621 suivirent
1404 2583 1442 2621 le
1472 2582 1547 2619 duc

123 2644 173 2683 de
196 2643 429 2683 Normandie
453 2643 625 2694 lorsqu’il
648 2642 803 2682 s'enfuit
824 2656 872 2682 en
891 2645 1100 2696 Bretagne;
1130 2644 1224 2683 mais
1254 2645 1281 2683 il
1310 2645 1413 2684 avait
1442 2657 1548 2682 com-

123 2707 258 2746 mence
272 2718 342 2758 par
355 2718 396 2744 se
409 2718 627 2757 prononcer
646 2717 747 2757 pour
761 2705 798 2743 le
816 2705 874 2743 roi
888 2704 983 2744 dans
1002 2706 1040 2744 la
1052 2719 1190 2758 guerre
1209 2706 1261 2745 du
1279 2706 1372 2745 Bien
1392 2703 1523 2758 public
1536 2733 1547 2750 ,

123 2778 162 2807 et
192 2769 317 2807 meme
351 2768 442 2806 etait
469 2767 542 2806 alle
567 2767 604 2805 le
629 2765 784 2815 joindre
809 2779 859 2805 au
887 2767 992 2820 siege
1019 2767 1069 2806 de
1095 2768 1279 2820 Bourges.
1313 2771 1550 2806 Documents

125 2830 261 2869 inedits
275 2859 286 2878 ,
312 2831 511 2880 Melanges
526 2858 537 2876 ‚
569 2838 596 2867 t.
619 2830 677 2875 11,
703 2840 743 2881 p.
765 2829 859 2869 238.
