<?xml version="1.0" encoding="UTF-8"?>
<!DOCTYPE html PUBLIC "-//W3C//DTD XHTML 1.0 Transitional//EN"
    "http://www.w3.org/TR/xhtml1/DTD/xhtml1-transitional.dtd">
<html xmlns="http://www.w3.org/1999/xhtml" xml:lang="en" lang="en">
 <head>
  <title>
</title>
<meta http-equiv="Content-Type" content="text/html;charset=utf-8" />
  <meta name='ocr-system' content='tesseract 3.04.00' />
  <meta name='ocr-capabilities' content='ocr_page ocr_carea ocr_par ocr_line ocrx_word'/>
</head>
<body>
  <div class='ocr_page' id='page_1' title='image "./histoiredesrgn03basiuoft_0079.png"; bbox 0 0 2060 3392; ppageno 0'>
   <div class='ocr_carea' id='block_1_1' title="bbox 695 341 1591 385">
    <p class='ocr_par' dir='ltr' id='par_1_1' title="bbox 695 341 1591 385">
     <span class='ocr_line' id='line_1_1' title="bbox 695 341 1591 385; baseline 0.002 -3"><span class='ocrx_word' id='word_1_1' title='bbox 695 342 838 382; x_wconf 83' lang='lat' dir='ltr'>LIBER</span> <span class='ocrx_word' id='word_1_2' title='bbox 868 341 1068 382; x_wconf 82' lang='lat' dir='ltr'><strong>SEXTUS.</strong></span> <span class='ocrx_word' id='word_1_3' title='bbox 1541 347 1591 385; x_wconf 75' lang='lat'><strong>29</strong></span> 
     </span>
    </p>
   </div>
   <div class='ocr_carea' id='block_1_2' title="bbox 128 433 1630 1977">
    <p class='ocr_par' dir='ltr' id='par_1_2' title="bbox 128 433 1590 498">
     <span class='ocr_line' id='line_1_2' title="bbox 128 433 1590 498; baseline 0.001 -16"><span class='ocrx_word' id='word_1_4' title='bbox 128 495 130 498; x_wconf 12' lang='lat' dir='ltr'>y</span> <span class='ocrx_word' id='word_1_5' title='bbox 243 434 354 482; x_wconf 86' lang='lat' dir='ltr'><strong>Post</strong></span> <span class='ocrx_word' id='word_1_6' title='bbox 370 433 472 482; x_wconf 85' lang='lat' dir='ltr'><strong>haec</strong></span> <span class='ocrx_word' id='word_1_7' title='bbox 493 443 653 482; x_wconf 88' lang='lat' dir='ltr'><strong>autem</strong></span> <span class='ocrx_word' id='word_1_8' title='bbox 678 451 758 483; x_wconf 90' lang='lat' dir='ltr'><strong>rex</strong></span> <span class='ocrx_word' id='word_1_9' title='bbox 793 434 1040 483; x_wconf 84' lang='lat' dir='ltr'><strong>confidens</strong></span> <span class='ocrx_word' id='word_1_10' title='bbox 1063 451 1113 483; x_wconf 90' lang='lat' dir='ltr'>se</span> <span class='ocrx_word' id='word_1_11' title='bbox 1143 434 1324 484; x_wconf 85' lang='lat' dir='ltr'>facilius</span> <span class='ocrx_word' id='word_1_12' title='bbox 1350 436 1590 484; x_wconf 84' lang='lat' dir='ltr'><strong>civitatem</strong></span> 
     </span>
    </p>

    <p class='ocr_par' dir='ltr' id='par_1_3' title="bbox 178 510 1630 1977">
     <span class='ocr_line' id='line_1_3' title="bbox 178 510 1591 578; baseline 0.002 -20"><span class='ocrx_word' id='word_1_13' title='bbox 178 510 276 558; x_wconf 87' lang='lat' dir='ltr'><strong>sive</strong></span> <span class='ocrx_word' id='word_1_14' title='bbox 308 511 541 577; x_wconf 90' lang='lat' dir='ltr'><strong>oppidum</strong></span> <span class='ocrx_word' id='word_1_15' title='bbox 573 511 842 559; x_wconf 87' lang='lat' dir='ltr'><strong>Atrebatum</strong></span> <span class='ocrx_word' id='word_1_16' title='bbox 873 511 962 559; x_wconf 94' lang='lat' dir='ltr'><strong>sibi</strong></span> <span class='ocrx_word' id='word_1_17' title='bbox 986 511 1216 576; x_wconf 87' lang='lat' dir='ltr'><strong>subjicere</strong></span> <span class='ocrx_word' id='word_1_18' title='bbox 1250 529 1405 578; x_wconf 93' lang='lat' dir='ltr'><strong>posse,</strong></span> <span class='ocrx_word' id='word_1_19' title='bbox 1443 530 1591 578; x_wconf 92' lang='lat' dir='ltr'><strong>quam</strong></span> 
     </span>
     <span class='ocr_line' id='line_1_4' title="bbox 178 587 1593 656; baseline 0.003 -21"><span class='ocrx_word' id='word_1_20' title='bbox 178 587 444 654; x_wconf 85' lang='lat' dir='ltr'><strong>potioribus</strong></span> <span class='ocrx_word' id='word_1_21' title='bbox 479 599 621 653; x_wconf 88' lang='lat' dir='ltr'><strong>atque</strong></span> <span class='ocrx_word' id='word_1_22' title='bbox 642 588 966 654; x_wconf 88' lang='lat' dir='ltr'><strong>primioribus,</strong></span> <span class='ocrx_word' id='word_1_23' title='bbox 992 589 1164 653; x_wconf 92' lang='lat' dir='ltr'><strong>quibus</strong></span> <span class='ocrx_word' id='word_1_24' title='bbox 1198 606 1283 638; x_wconf 91' lang='lat' dir='ltr'><strong>sua</strong></span> <span class='ocrx_word' id='word_1_25' title='bbox 1303 606 1376 638; x_wconf 82' lang='lat' dir='ltr'><strong>res</strong></span> <span class='ocrx_word' id='word_1_26' title='bbox 1399 590 1593 656; x_wconf 88' lang='lat' dir='ltr'><strong>publica</strong></span> 
     </span>
     <span class='ocr_line' id='line_1_5' title="bbox 178 663 1594 732; baseline 0.003 -21"><span class='ocrx_word' id='word_1_27' title='bbox 178 663 612 726; x_wconf 61' lang='lat' dir='ltr'><strong>administrabatur,</strong></span> <span class='ocrx_word' id='word_1_28' title='bbox 649 665 920 713; x_wconf 90' lang='lat' dir='ltr'><strong>destitutam</strong></span> <span class='ocrx_word' id='word_1_29' title='bbox 941 666 1140 728; x_wconf 88' lang='lat' dir='ltr'><strong>sciebat,</strong></span> <span class='ocrx_word' id='word_1_30' title='bbox 1172 667 1345 732; x_wconf 89' lang='lat' dir='ltr'>ipsam,</span> <span class='ocrx_word' id='word_1_31' title='bbox 1386 667 1594 716; x_wconf 89' lang='lat' dir='ltr'><strong>admotis</strong></span> 
     </span>
     <span class='ocr_line' id='line_1_6' title="bbox 179 740 1588 808; baseline 0.003 -20"><span class='ocrx_word' id='word_1_32' title='bbox 179 740 405 790; x_wconf 87' lang='lat' dir='ltr'><strong>omnibus</strong></span> <span class='ocrx_word' id='word_1_33' title='bbox 434 743 584 808; x_wconf 90' lang='lat' dir='ltr'><strong>copiis</strong></span> <span class='ocrx_word' id='word_1_34' title='bbox 617 743 711 790; x_wconf 92' lang='lat' dir='ltr'><strong>suis</strong></span> <span class='ocrx_word' id='word_1_35' title='bbox 741 753 788 790; x_wconf 92' lang='lat' dir='ltr'><strong>et</strong></span> <span class='ocrx_word' id='word_1_36' title='bbox 819 743 1068 806; x_wconf 91' lang='lat' dir='ltr'><strong>machinis,</strong></span> <span class='ocrx_word' id='word_1_37' title='bbox 1103 744 1354 792; x_wconf 88' lang='lat' dir='ltr'>obsidione</span> <span class='ocrx_word' id='word_1_38' title='bbox 1385 745 1588 793; x_wconf 87' lang='lat' dir='ltr'><strong>vallavit.</strong></span> 
     </span>
     <span class='ocr_line' id='line_1_7' title="bbox 179 819 1594 888; baseline 0.004 -22"><span class='ocrx_word' id='word_1_39' title='bbox 179 819 302 866; x_wconf 90' lang='lat' dir='ltr'><strong>Sane</strong></span> <span class='ocrx_word' id='word_1_40' title='bbox 323 837 434 867; x_wconf 93' lang='lat' dir='ltr'><strong>cum</strong></span> <span class='ocrx_word' id='word_1_41' title='bbox 453 819 690 885; x_wconf 84' lang='lat' dir='ltr'>aliquibus</span> <span class='ocrx_word' id='word_1_42' title='bbox 714 820 882 868; x_wconf 92' lang='lat' dir='ltr'><strong>diebus</strong></span> <span class='ocrx_word' id='word_1_43' title='bbox 898 821 1129 869; x_wconf 88' lang='lat' dir='ltr'><strong>machinis</strong></span> <span class='ocrx_word' id='word_1_44' title='bbox 1146 832 1193 869; x_wconf 93' lang='lat' dir='ltr'><strong>et</strong></span> <span class='ocrx_word' id='word_1_45' title='bbox 1213 822 1427 887; x_wconf 83' lang='lat' dir='ltr'><strong>petrariis</strong></span> <span class='ocrx_word' id='word_1_46' title='bbox 1449 823 1594 888; x_wconf 92' lang='lat' dir='ltr'><strong>ipsius</strong></span> 
     </span>
     <span class='ocr_line' id='line_1_8' title="bbox 179 899 1593 965; baseline 0.003 -20"><span class='ocrx_word' id='word_1_47' title='bbox 179 906 330 946; x_wconf 86' lang='lat' dir='ltr'><strong>turres</strong></span> <span class='ocrx_word' id='word_1_48' title='bbox 346 909 394 946; x_wconf 91' lang='lat' dir='ltr'><strong>et</strong></span> <span class='ocrx_word' id='word_1_49' title='bbox 411 899 769 965; x_wconf 85' lang='lat' dir='ltr'><strong>propugnacula</strong></span> <span class='ocrx_word' id='word_1_50' title='bbox 784 899 964 963; x_wconf 91' lang='lat' dir='ltr'><strong>dejecta</strong></span> <span class='ocrx_word' id='word_1_51' title='bbox 978 900 1053 946; x_wconf 89' lang='lat' dir='ltr'><strong>vel</strong></span> <span class='ocrx_word' id='word_1_52' title='bbox 1071 899 1228 948; x_wconf 92' lang='lat' dir='ltr'><strong>diruta</strong></span> <span class='ocrx_word' id='word_1_53' title='bbox 1250 900 1298 946; x_wconf 92' lang='lat' dir='ltr'><strong>in</strong></span> <span class='ocrx_word' id='word_1_54' title='bbox 1320 900 1457 948; x_wconf 90' lang='lat' dir='ltr'><strong>certis</strong></span> <span class='ocrx_word' id='word_1_55' title='bbox 1476 901 1593 949; x_wconf 91' lang='lat' dir='ltr'><strong>locis</strong></span> 
     </span>
     <span class='ocr_line' id='line_1_9' title="bbox 180 973 1591 1041; baseline 0.001 -18"><span class='ocrx_word' id='word_1_56' title='bbox 180 973 398 1034; x_wconf 78' lang='lat' dir='ltr'><strong>fuissent,</strong></span> <span class='ocrx_word' id='word_1_57' title='bbox 417 986 462 1023; x_wconf 91' lang='lat' dir='ltr'><strong>et</strong></span> <span class='ocrx_word' id='word_1_58' title='bbox 475 993 745 1041; x_wconf 87' lang='lat' dir='ltr'><strong>expugnare</strong></span> <span class='ocrx_word' id='word_1_59' title='bbox 762 993 867 1024; x_wconf 90' lang='lat' dir='ltr'><strong>eam</strong></span> <span class='ocrx_word' id='word_1_60' title='bbox 886 978 1000 1041; x_wconf 86' lang='lat' dir='ltr'><strong>regii</strong></span> <span class='ocrx_word' id='word_1_61' title='bbox 1022 978 1191 1025; x_wconf 85' lang='lat' dir='ltr'>milites</span> <span class='ocrx_word' id='word_1_62' title='bbox 1209 978 1591 1041; x_wconf 82' lang='lat' dir='ltr'><strong>aggrederentur,</strong></span> 
     </span>
     <span class='ocr_line' id='line_1_10' title="bbox 180 1051 1596 1119; baseline 0.002 -20"><span class='ocrx_word' id='word_1_63' title='bbox 180 1051 392 1101; x_wconf 82' lang='lat' dir='ltr'><strong>videntes</strong></span> <span class='ocrx_word' id='word_1_64' title='bbox 414 1070 463 1101; x_wconf 92' lang='lat' dir='ltr'>se</span> <span class='ocrx_word' id='word_1_65' title='bbox 479 1053 658 1101; x_wconf 86' lang='lat' dir='ltr'>obsessi</span> <span class='ocrx_word' id='word_1_66' title='bbox 677 1055 895 1119; x_wconf 86' lang='lat' dir='ltr'><strong>praesidio</strong></span> <span class='ocrx_word' id='word_1_67' title='bbox 911 1054 1176 1116; x_wconf 80' lang='lat' dir='ltr'><strong>destitutOS,</strong></span> <span class='ocrx_word' id='word_1_68' title='bbox 1198 1055 1259 1102; x_wconf 91' lang='lat' dir='ltr'><strong>ad</strong></span> <span class='ocrx_word' id='word_1_69' title='bbox 1282 1055 1596 1103; x_wconf 88' lang='lat' dir='ltr'><strong>resistendum</strong></span> 
     </span>
     <span class='ocr_line' id='line_1_11' title="bbox 179 1129 1597 1190; baseline 0.003 -14"><span class='ocrx_word' id='word_1_70' title='bbox 179 1129 430 1190; x_wconf 79' lang='lat' dir='ltr'><strong>invalidos,</strong></span> <span class='ocrx_word' id='word_1_71' title='bbox 455 1141 503 1179; x_wconf 92' lang='lat' dir='ltr'><strong>et</strong></span> <span class='ocrx_word' id='word_1_72' title='bbox 539 1141 805 1185; x_wconf 82' lang='lat' dir='ltr'><strong>extremum</strong></span> <span class='ocrx_word' id='word_1_73' title='bbox 843 1131 933 1179; x_wconf 92' lang='lat' dir='ltr'><strong>sibi</strong></span> <span class='ocrx_word' id='word_1_74' title='bbox 957 1133 1206 1179; x_wconf 88' lang='lat' dir='ltr'><strong>imminere</strong></span> <span class='ocrx_word' id='word_1_75' title='bbox 1231 1133 1426 1180; x_wconf 88' lang='lat' dir='ltr'><strong>exitium</strong></span> <span class='ocrx_word' id='word_1_76' title='bbox 1450 1134 1488 1180; x_wconf 91' lang='lat' dir='ltr'><strong>si</strong></span> <span class='ocrx_word' id='word_1_77' title='bbox 1522 1150 1597 1181; x_wconf 82' lang='lat' dir='ltr'><strong>ex-</strong></span> 
     </span>
     <span class='ocr_line' id='line_1_12' title="bbox 181 1199 1598 1276; baseline 0.003 -21"><span class='ocrx_word' id='word_1_78' title='bbox 181 1199 377 1272; x_wconf 84' lang='lat' dir='ltr'><strong>pugnati</strong></span> <span class='ocrx_word' id='word_1_79' title='bbox 395 1209 614 1271; x_wconf 77' lang='lat' dir='ltr'><strong>fuissent,</strong></span> <span class='ocrx_word' id='word_1_80' title='bbox 639 1210 874 1276; x_wconf 89' lang='lat' dir='ltr'><strong>supplices</strong></span> <span class='ocrx_word' id='word_1_81' title='bbox 899 1209 1192 1258; x_wconf 91' lang='lat' dir='ltr'><strong>deditionem</strong></span> <span class='ocrx_word' id='word_1_82' title='bbox 1214 1209 1383 1257; x_wconf 81' lang='lat' dir='ltr'><strong>offerre</strong></span> <span class='ocrx_word' id='word_1_83' title='bbox 1405 1220 1452 1258; x_wconf 91' lang='lat' dir='ltr'><strong>et</strong></span> <span class='ocrx_word' id='word_1_84' title='bbox 1475 1212 1598 1275; x_wconf 85' lang='lat' dir='ltr'><strong>regis</strong></span> 
     </span>
     <span class='ocr_line' id='line_1_13' title="bbox 181 1285 1597 1353; baseline 0.003 -21"><span class='ocrx_word' id='word_1_85' title='bbox 181 1285 377 1347; x_wconf 83' lang='lat' dir='ltr'><strong>gratiam</strong></span> <span class='ocrx_word' id='word_1_86' title='bbox 414 1287 670 1352; x_wconf 89' lang='lat' dir='ltr'><strong>implorare</strong></span> <span class='ocrx_word' id='word_1_87' title='bbox 697 1298 959 1353; x_wconf 87' lang='lat' dir='ltr'><strong>coeperunt.</strong></span> <span class='ocrx_word' id='word_1_88' title='bbox 1001 1291 1156 1347; x_wconf 90' lang='lat' dir='ltr'><strong>Quam</strong></span> <span class='ocrx_word' id='word_1_89' title='bbox 1191 1305 1271 1335; x_wconf 88' lang='lat' dir='ltr'><strong>rex</strong></span> <span class='ocrx_word' id='word_1_90' title='bbox 1287 1325 1300 1349; x_wconf 95' lang='lat'><strong>,</strong></span> <span class='ocrx_word' id='word_1_91' title='bbox 1335 1289 1446 1336; x_wconf 91' lang='lat' dir='ltr'><strong>licet</strong></span> <span class='ocrx_word' id='word_1_92' title='bbox 1469 1291 1597 1352; x_wconf 85' lang='lat' dir='ltr'><strong>gravi</strong></span> 
     </span>
     <span class='ocr_line' id='line_1_14' title="bbox 181 1362 1599 1431; baseline 0.004 -22"><span class='ocrx_word' id='word_1_93' title='bbox 181 1362 230 1409; x_wconf 91' lang='lat' dir='ltr'><strong>in</strong></span> <span class='ocrx_word' id='word_1_94' title='bbox 272 1380 355 1411; x_wconf 92' lang='lat' dir='ltr'>eos</span> <span class='ocrx_word' id='word_1_95' title='bbox 390 1365 459 1411; x_wconf 90' lang='lat' dir='ltr'><strong>ira</strong></span> <span class='ocrx_word' id='word_1_96' title='bbox 480 1375 526 1412; x_wconf 90' lang='lat' dir='ltr'><strong>et</strong></span> <span class='ocrx_word' id='word_1_97' title='bbox 548 1366 874 1430; x_wconf 83' lang='lat' dir='ltr'><strong>indignatione</strong></span> <span class='ocrx_word' id='word_1_98' title='bbox 893 1382 1163 1428; x_wconf 90' lang='lat' dir='ltr'><strong>succensus,</strong></span> <span class='ocrx_word' id='word_1_99' title='bbox 1181 1365 1355 1431; x_wconf 89' lang='lat' dir='ltr'><strong>quibus</strong></span> <span class='ocrx_word' id='word_1_100' title='bbox 1375 1367 1525 1414; x_wconf 86' lang='lat' dir='ltr'><strong>voluit</strong></span> <span class='ocrx_word' id='word_1_101' title='bbox 1536 1368 1599 1414; x_wconf 93' lang='lat' dir='ltr'><strong>le-</strong></span> 
     </span>
     <span class='ocr_line' id='line_1_15' title="bbox 182 1440 1595 1509; baseline 0.002 -20"><span class='ocrx_word' id='word_1_102' title='bbox 182 1440 320 1505; x_wconf 83' lang='lat' dir='ltr'>gibus</span> <span class='ocrx_word' id='word_1_103' title='bbox 351 1441 518 1490; x_wconf 91' lang='lat' dir='ltr'><strong>dedit¹.</strong></span> <span class='ocrx_word' id='word_1_104' title='bbox 555 1446 674 1491; x_wconf 88' lang='lat' dir='ltr'><strong>Nam</strong></span> <span class='ocrx_word' id='word_1_105' title='bbox 707 1460 796 1509; x_wconf 88' lang='lat' dir='ltr'><strong>pro</strong></span> <span class='ocrx_word' id='word_1_106' title='bbox 834 1443 1137 1491; x_wconf 88' lang='lat' dir='ltr'><strong>contumacia</strong></span> <span class='ocrx_word' id='word_1_107' title='bbox 1168 1453 1215 1490; x_wconf 89' lang='lat' dir='ltr'><strong>et</strong></span> <span class='ocrx_word' id='word_1_108' title='bbox 1247 1442 1595 1507; x_wconf 82' lang='lat' dir='ltr'><strong>inobedientia,</strong></span> 
     </span>
     <span class='ocr_line' id='line_1_16' title="bbox 180 1521 1600 1587; baseline 0.003 -20"><span class='ocrx_word' id='word_1_109' title='bbox 180 1534 326 1584; x_wconf 89' lang='lat' dir='ltr'><strong>quam</strong></span> <span class='ocrx_word' id='word_1_110' title='bbox 348 1521 397 1568; x_wconf 92' lang='lat' dir='ltr'><strong>in</strong></span> <span class='ocrx_word' id='word_1_111' title='bbox 426 1538 475 1568; x_wconf 92' lang='lat' dir='ltr'><strong>se</strong></span> <span class='ocrx_word' id='word_1_112' title='bbox 506 1538 588 1569; x_wconf 92' lang='lat' dir='ltr'>eos</span> <span class='ocrx_word' id='word_1_113' title='bbox 610 1523 900 1570; x_wconf 88' lang='lat' dir='ltr'><strong>commisisse</strong></span> <span class='ocrx_word' id='word_1_114' title='bbox 921 1521 1194 1587; x_wconf 87' lang='lat' dir='ltr'><strong>reputabat,</strong></span> <span class='ocrx_word' id='word_1_115' title='bbox 1230 1522 1475 1570; x_wconf 80' lang='lat' dir='ltr'><strong>mulctavit</strong></span> <span class='ocrx_word' id='word_1_116' title='bbox 1516 1540 1600 1571; x_wconf 94' lang='lat' dir='ltr'><strong>eos</strong></span> 
     </span>
     <span class='ocr_line' id='line_1_17' title="bbox 181 1598 1599 1669; baseline 0.001 -24"><span class='ocrx_word' id='word_1_117' title='bbox 181 1612 357 1661; x_wconf 87' lang='lat' dir='ltr'><strong>magno</strong></span> <span class='ocrx_word' id='word_1_118' title='bbox 373 1599 475 1646; x_wconf 91' lang='lat' dir='ltr'><strong>auri</strong></span> <span class='ocrx_word' id='word_1_119' title='bbox 492 1599 677 1664; x_wconf 88' lang='lat' dir='ltr'><strong>pondo,</strong></span> <span class='ocrx_word' id='word_1_120' title='bbox 693 1599 825 1663; x_wconf 90' lang='lat' dir='ltr'><strong>quod</strong></span> <span class='ocrx_word' id='word_1_121' title='bbox 849 1599 911 1646; x_wconf 88' lang='lat' dir='ltr'><strong>ad</strong></span> <span class='ocrx_word' id='word_1_122' title='bbox 933 1600 1163 1646; x_wconf 83' lang='lat' dir='ltr'><strong>trecenta²</strong></span> <span class='ocrx_word' id='word_1_123' title='bbox 1187 1598 1333 1647; x_wconf 86' lang='lat' dir='ltr'><strong>millia</strong></span> <span class='ocrx_word' id='word_1_124' title='bbox 1355 1609 1599 1669; x_wconf 82' lang='lat' dir='ltr'><strong>scutorum</strong></span> 
     </span>
     <span class='ocr_line' id='line_1_18' title="bbox 181 1675 1600 1746; baseline 0.004 -24"><span class='ocrx_word' id='word_1_125' title='bbox 181 1675 283 1722; x_wconf 79' lang='lat' dir='ltr'><strong>auri</strong></span> <span class='ocrx_word' id='word_1_126' title='bbox 306 1675 380 1723; x_wconf 90' lang='lat' dir='ltr'><strong>vel</strong></span> <span class='ocrx_word' id='word_1_127' title='bbox 401 1676 463 1724; x_wconf 93' lang='lat' dir='ltr'><strong>ad</strong></span> <span class='ocrx_word' id='word_1_128' title='bbox 487 1687 698 1746; x_wconf 82' lang='lat' dir='ltr'><strong>trecenta</strong></span> <span class='ocrx_word' id='word_1_129' title='bbox 717 1678 865 1725; x_wconf 90' lang='lat' dir='ltr'><strong>millia</strong></span> <span class='ocrx_word' id='word_1_130' title='bbox 885 1677 1140 1725; x_wconf 90' lang='lat' dir='ltr'><strong>ascendere</strong></span> <span class='ocrx_word' id='word_1_131' title='bbox 1161 1676 1436 1725; x_wconf 71' lang='lat' dir='ltr'><strong>ferebam-⁸.</strong></span> <span class='ocrx_word' id='word_1_132' title='bbox 1462 1679 1600 1727; x_wconf 89' lang='lat' dir='ltr'><strong>Unde</strong></span> 
     </span>
     <span class='ocr_line' id='line_1_19' title="bbox 182 1753 1601 1821; baseline 0.003 -21"><span class='ocrx_word' id='word_1_133' title='bbox 182 1753 344 1802; x_wconf 84' lang='lat' dir='ltr'><strong>civitas</strong></span> <span class='ocrx_word' id='word_1_134' title='bbox 382 1755 462 1802; x_wconf 90' lang='lat' dir='ltr'><strong>illa</strong></span> <span class='ocrx_word' id='word_1_135' title='bbox 505 1756 700 1819; x_wconf 89' lang='lat' dir='ltr'><strong>insignis</strong></span> <span class='ocrx_word' id='word_1_136' title='bbox 733 1756 871 1803; x_wconf 88' lang='lat' dir='ltr'><strong>valde</strong></span> <span class='ocrx_word' id='word_1_137' title='bbox 911 1766 957 1803; x_wconf 92' lang='lat' dir='ltr'><strong>et</strong></span> <span class='ocrx_word' id='word_1_138' title='bbox 995 1756 1240 1820; x_wconf 89' lang='lat' dir='ltr'><strong>opulenta,</strong></span> <span class='ocrx_word' id='word_1_139' title='bbox 1280 1755 1454 1820; x_wconf 90' lang='lat' dir='ltr'><strong>opibus</strong></span> <span class='ocrx_word' id='word_1_140' title='bbox 1483 1773 1601 1821; x_wconf 91' lang='lat' dir='ltr'><strong>quas</strong></span> 
     </span>
     <span class='ocr_line' id='line_1_20' title="bbox 182 1830 1599 1898; baseline 0.004 -21"><span class='ocrx_word' id='word_1_141' title='bbox 182 1830 394 1895; x_wconf 78' lang='lat' dir='ltr'><strong>longaeva</strong></span> <span class='ocrx_word' id='word_1_142' title='bbox 419 1834 729 1898; x_wconf 87' lang='lat' dir='ltr'><strong>prosperitate</strong></span> <span class='ocrx_word' id='word_1_143' title='bbox 763 1833 1027 1881; x_wconf 90' lang='lat' dir='ltr'><strong>cumularat</strong></span> <span class='ocrx_word' id='word_1_144' title='bbox 1060 1832 1256 1892; x_wconf 82' lang='lat' dir='ltr'><strong>nudata,</strong></span> <span class='ocrx_word' id='word_1_145' title='bbox 1291 1833 1340 1879; x_wconf 92' lang='lat' dir='ltr'><strong>in</strong></span> <span class='ocrx_word' id='word_1_146' title='bbox 1376 1850 1599 1897; x_wconf 87' lang='lat' dir='ltr'><strong>magnam</strong></span> 
     </span>
     <span class='ocr_line' id='line_1_21' title="bbox 184 1909 1630 1977; baseline 0.004 -21"><span class='ocrx_word' id='word_1_147' title='bbox 184 1918 325 1973; x_wconf 89' lang='lat' dir='ltr'><strong>atque</strong></span> <span class='ocrx_word' id='word_1_148' title='bbox 347 1910 660 1959; x_wconf 91' lang='lat' dir='ltr'><strong>miserabilem</strong></span> <span class='ocrx_word' id='word_1_149' title='bbox 691 1911 967 1977; x_wconf 90' lang='lat' dir='ltr'><strong>pauperiem</strong></span> <span class='ocrx_word' id='word_1_150' title='bbox 991 1920 1061 1958; x_wconf 90' lang='lat' dir='ltr'><strong>est</strong></span> <span class='ocrx_word' id='word_1_151' title='bbox 1096 1909 1303 1957; x_wconf 90' lang='lat' dir='ltr'><strong>redacta.</strong></span> <span class='ocrx_word' id='word_1_152' title='bbox 1354 1911 1600 1969; x_wconf 89' lang='lat' dir='ltr'><strong>Quosdam</strong></span> <span class='ocrx_word' id='word_1_153' title='bbox 1626 1959 1630 1962; x_wconf 83' lang='grc'><em>.</em></span> 
     </span>
    </p>
   </div>
   <div class='ocr_carea' id='block_1_3' title="bbox 184 2038 1603 2906">
    <p class='ocr_par' dir='ltr' id='par_1_4' title="bbox 184 2038 1603 2533">
     <span class='ocr_line' id='line_1_22' title="bbox 184 2038 1599 2094; baseline 0 -16"><span class='ocrx_word' id='word_1_154' title='bbox 184 2039 330 2079; x_wconf 82' lang='lat' dir='ltr'><strong>volloit.</strong></span> <span class='ocrx_word' id='word_1_155' title='bbox 355 2042 402 2078; x_wconf 87' lang='lat' dir='ltr'><strong>Et</strong></span> <span class='ocrx_word' id='word_1_156' title='bbox 420 2054 468 2079; x_wconf 92' lang='lat' dir='ltr'><strong>en</strong></span> <span class='ocrx_word' id='word_1_157' title='bbox 486 2054 531 2080; x_wconf 86' lang='lat' dir='ltr'><strong>ce</strong></span> <span class='ocrx_word' id='word_1_158' title='bbox 550 2050 672 2094; x_wconf 89' lang='lat' dir='ltr'><strong>temps</strong></span> <span class='ocrx_word' id='word_1_159' title='bbox 698 2053 774 2092; x_wconf 90' lang='lat' dir='ltr'><strong>que</strong></span> <span class='ocrx_word' id='word_1_160' title='bbox 795 2040 821 2078; x_wconf 92' lang='lat' dir='ltr'><strong>il</strong></span> <span class='ocrx_word' id='word_1_161' title='bbox 848 2053 889 2079; x_wconf 88' lang='lat' dir='ltr'>se</span> <span class='ocrx_word' id='word_1_162' title='bbox 907 2039 1105 2092; x_wconf 82' lang='lat' dir='ltr'><strong>disposmt,</strong></span> <span class='ocrx_word' id='word_1_163' title='bbox 1127 2053 1178 2078; x_wconf 91' lang='lat' dir='ltr'><strong>on</strong></span> <span class='ocrx_word' id='word_1_164' title='bbox 1201 2038 1340 2078; x_wconf 87' lang='lat' dir='ltr'><strong>manda</strong></span> <span class='ocrx_word' id='word_1_165' title='bbox 1362 2053 1441 2092; x_wconf 85' lang='lat' dir='ltr'><strong>ung</strong></span> <span class='ocrx_word' id='word_1_166' title='bbox 1462 2040 1599 2088; x_wconf 87' lang='lat' dir='ltr'><strong>aultre,</strong></span> 
     </span>
     <span class='ocr_line' id='line_1_23' title="bbox 184 2102 1599 2154; baseline 0.001 -14"><span class='ocrx_word' id='word_1_167' title='bbox 184 2110 223 2141; x_wconf 83' lang='lat' dir='ltr'><strong>et</strong></span> <span class='ocrx_word' id='word_1_168' title='bbox 240 2102 294 2141; x_wconf 88' lang='lat' dir='ltr'><strong>lui</strong></span> <span class='ocrx_word' id='word_1_169' title='bbox 309 2102 364 2141; x_wconf 90' lang='lat' dir='ltr'><strong>dit</strong></span> <span class='ocrx_word' id='word_1_170' title='bbox 385 2117 436 2141; x_wconf 92' lang='lat' dir='ltr'><strong>on</strong></span> <span class='ocrx_word' id='word_1_171' title='bbox 456 2116 605 2142; x_wconf 90' lang='lat' dir='ltr'><strong>comme</strong></span> <span class='ocrx_word' id='word_1_172' title='bbox 628 2104 773 2142; x_wconf 91' lang='lat' dir='ltr'><strong>dessus.</strong></span> <span class='ocrx_word' id='word_1_173' title='bbox 796 2106 842 2141; x_wconf 89' lang='lat' dir='ltr'><strong>Et</strong></span> <span class='ocrx_word' id='word_1_174' title='bbox 861 2105 883 2141; x_wconf 74' lang='lat' dir='ltr'><strong>a</strong></span> <span class='ocrx_word' id='word_1_175' title='bbox 901 2115 964 2142; x_wconf 92' lang='lat' dir='ltr'><strong>ces</strong></span> <span class='ocrx_word' id='word_1_176' title='bbox 984 2102 1147 2154; x_wconf 87' lang='lat' dir='ltr'><strong>parolles</strong></span> <span class='ocrx_word' id='word_1_177' title='bbox 1169 2115 1220 2140; x_wconf 93' lang='lat' dir='ltr'><strong>on</strong></span> <span class='ocrx_word' id='word_1_178' title='bbox 1239 2102 1431 2141; x_wconf 77' lang='lat' dir='ltr'><strong>executoit</strong></span> <span class='ocrx_word' id='word_1_179' title='bbox 1448 2102 1599 2141; x_wconf 83' lang='lat' dir='ltr'><strong>l&#39;autre.</strong></span> 
     </span>
     <span class='ocr_line' id='line_1_24' title="bbox 184 2164 1603 2219; baseline 0 -16"><span class='ocrx_word' id='word_1_180' title='bbox 184 2165 232 2203; x_wconf 85' lang='lat' dir='ltr'><strong>Et</strong></span> <span class='ocrx_word' id='word_1_181' title='bbox 254 2174 375 2216; x_wconf 86' lang='lat' dir='ltr'><strong>quant</strong></span> <span class='ocrx_word' id='word_1_182' title='bbox 401 2166 438 2204; x_wconf 90' lang='lat' dir='ltr'><strong>la</strong></span> <span class='ocrx_word' id='word_1_183' title='bbox 463 2166 701 2219; x_wconf 86' lang='lat' dir='ltr'><strong>compaignie</strong></span> <span class='ocrx_word' id='word_1_184' title='bbox 724 2165 914 2218; x_wconf 88' lang='lat' dir='ltr'><strong>perchupt</strong></span> <span class='ocrx_word' id='word_1_185' title='bbox 936 2165 1005 2203; x_wconf 90' lang='lat' dir='ltr'><strong>tels</strong></span> <span class='ocrx_word' id='word_1_186' title='bbox 1028 2164 1276 2203; x_wconf 86' lang='lat' dir='ltr'><strong>mandemens</strong></span> <span class='ocrx_word' id='word_1_187' title='bbox 1300 2173 1339 2203; x_wconf 90' lang='lat' dir='ltr'><strong>et</strong></span> <span class='ocrx_word' id='word_1_188' title='bbox 1364 2177 1440 2216; x_wconf 91' lang='lat' dir='ltr'><strong>que</strong></span> <span class='ocrx_word' id='word_1_189' title='bbox 1460 2165 1529 2203; x_wconf 93' lang='lat' dir='ltr'><strong>nul</strong></span> <span class='ocrx_word' id='word_1_190' title='bbox 1552 2177 1603 2204; x_wconf 90' lang='lat' dir='ltr'><strong>ne</strong></span> 
     </span>
     <span class='ocr_line' id='line_1_25' title="bbox 184 2227 1600 2281; baseline 0 -15"><span class='ocrx_word' id='word_1_191' title='bbox 184 2229 416 2276; x_wconf 83' lang='lat' dir='ltr'><strong>retournoit,</strong></span> <span class='ocrx_word' id='word_1_192' title='bbox 441 2230 777 2269; x_wconf 76' lang='lat' dir='ltr'><strong>commencherent</strong></span> <span class='ocrx_word' id='word_1_193' title='bbox 799 2231 820 2267; x_wconf 71' lang='lat' dir='ltr'><strong>a</strong></span> <span class='ocrx_word' id='word_1_194' title='bbox 844 2241 983 2281; x_wconf 86' lang='lat' dir='ltr'><strong>penser</strong></span> <span class='ocrx_word' id='word_1_195' title='bbox 1002 2241 1128 2268; x_wconf 87' lang='lat' dir='ltr'><strong>aucun</strong></span> <span class='ocrx_word' id='word_1_196' title='bbox 1155 2228 1246 2267; x_wconf 91' lang='lat' dir='ltr'><strong>mal.</strong></span> <span class='ocrx_word' id='word_1_197' title='bbox 1278 2227 1405 2266; x_wconf 88' lang='lat' dir='ltr'><strong>Adont</strong></span> <span class='ocrx_word' id='word_1_198' title='bbox 1431 2241 1473 2266; x_wconf 91' lang='lat' dir='ltr'>se</span> <span class='ocrx_word' id='word_1_199' title='bbox 1495 2228 1600 2267; x_wconf 76' lang='lat' dir='ltr'><strong>leve-</strong></span> 
     </span>
     <span class='ocr_line' id='line_1_26' title="bbox 185 2290 1601 2345; baseline 0.001 -15"><span class='ocrx_word' id='word_1_200' title='bbox 185 2300 271 2330; x_wconf 84' lang='lat' dir='ltr'><strong>rent</strong></span> <span class='ocrx_word' id='word_1_201' title='bbox 287 2291 336 2330; x_wconf 91' lang='lat' dir='ltr'><strong>de</strong></span> <span class='ocrx_word' id='word_1_202' title='bbox 354 2291 470 2340; x_wconf 82' lang='lat' dir='ltr'><strong>table,</strong></span> <span class='ocrx_word' id='word_1_203' title='bbox 491 2302 529 2332; x_wconf 89' lang='lat' dir='ltr'><strong>et</strong></span> <span class='ocrx_word' id='word_1_204' title='bbox 546 2305 692 2332; x_wconf 89' lang='lat' dir='ltr'><strong>aucuns</strong></span> <span class='ocrx_word' id='word_1_205' title='bbox 714 2293 946 2345; x_wconf 86' lang='lat' dir='ltr'><strong>perchurent</strong></span> <span class='ocrx_word' id='word_1_206' title='bbox 967 2301 1078 2344; x_wconf 86' lang='lat' dir='ltr'><strong>grant</strong></span> <span class='ocrx_word' id='word_1_207' title='bbox 1096 2290 1307 2330; x_wconf 78' lang='lat' dir='ltr'><strong>assamblee</strong></span> <span class='ocrx_word' id='word_1_208' title='bbox 1331 2300 1368 2330; x_wconf 92' lang='lat' dir='ltr'><strong>et</strong></span> <span class='ocrx_word' id='word_1_209' title='bbox 1387 2300 1498 2343; x_wconf 87' lang='lat' dir='ltr'><strong>grant</strong></span> <span class='ocrx_word' id='word_1_210' title='bbox 1518 2292 1601 2331; x_wconf 89' lang='lat' dir='ltr'><strong>alu-</strong></span> 
     </span>
     <span class='ocr_line' id='line_1_27' title="bbox 185 2353 1603 2408; baseline 0.001 -17"><span class='ocrx_word' id='word_1_211' title='bbox 185 2353 304 2392; x_wconf 83' lang='lat' dir='ltr'><strong>merie</strong></span> <span class='ocrx_word' id='word_1_212' title='bbox 327 2366 376 2394; x_wconf 80' lang='lat' dir='ltr'><strong>au</strong></span> <span class='ocrx_word' id='word_1_213' title='bbox 400 2355 591 2404; x_wconf 81' lang='lat' dir='ltr'><strong>marchie,</strong></span> <span class='ocrx_word' id='word_1_214' title='bbox 617 2365 655 2394; x_wconf 91' lang='lat' dir='ltr'><strong>et</strong></span> <span class='ocrx_word' id='word_1_215' title='bbox 677 2369 752 2408; x_wconf 89' lang='lat' dir='ltr'><strong>que</strong></span> <span class='ocrx_word' id='word_1_216' title='bbox 770 2355 907 2404; x_wconf 86' lang='lat' dir='ltr'><strong>justice</strong></span> <span class='ocrx_word' id='word_1_217' title='bbox 929 2368 970 2393; x_wconf 90' lang='lat' dir='ltr'>se</span> <span class='ocrx_word' id='word_1_218' title='bbox 989 2354 1127 2393; x_wconf 88' lang='lat' dir='ltr'><strong>faisoit.</strong></span> <span class='ocrx_word' id='word_1_219' title='bbox 1157 2356 1235 2392; x_wconf 94' lang='lat' dir='ltr'>Des</span> <span class='ocrx_word' id='word_1_220' title='bbox 1259 2353 1379 2392; x_wconf 90' lang='lat' dir='ltr'><strong>douze</strong></span> <span class='ocrx_word' id='word_1_221' title='bbox 1405 2366 1453 2392; x_wconf 89' lang='lat' dir='ltr'><strong>en</strong></span> <span class='ocrx_word' id='word_1_222' title='bbox 1476 2363 1603 2392; x_wconf 83' lang='lat' dir='ltr'><strong>morut</strong></span> 
     </span>
     <span class='ocr_line' id='line_1_28' title="bbox 185 2413 1600 2470; baseline 0 -17"><span class='ocrx_word' id='word_1_223' title='bbox 185 2413 294 2470; x_wconf 78' lang='lat' dir='ltr'><strong>huyt.</strong></span> <span class='ocrx_word' id='word_1_224' title='bbox 325 2419 396 2456; x_wconf 83' lang='lat' dir='ltr'><strong>Les</strong></span> <span class='ocrx_word' id='word_1_225' title='bbox 423 2418 564 2457; x_wconf 85' lang='lat' dir='ltr'><strong>aultres</strong></span> <span class='ocrx_word' id='word_1_226' title='bbox 587 2420 836 2470; x_wconf 77' lang='lat' dir='ltr'><strong>escapperent</strong></span> <span class='ocrx_word' id='word_1_227' title='bbox 858 2432 866 2454; x_wconf 92' lang='lat'>:</span> <span class='ocrx_word' id='word_1_228' title='bbox 892 2417 985 2456; x_wconf 91' lang='lat' dir='ltr'><strong>dont</strong></span> <span class='ocrx_word' id='word_1_229' title='bbox 1006 2417 1053 2455; x_wconf 91' lang='lat' dir='ltr'><strong>ils</strong></span> <span class='ocrx_word' id='word_1_230' title='bbox 1077 2425 1232 2455; x_wconf 86' lang='lat' dir='ltr'><strong>scevent</strong></span> <span class='ocrx_word' id='word_1_231' title='bbox 1261 2414 1349 2455; x_wconf 90' lang='lat' dir='ltr'><strong>bien</strong></span> <span class='ocrx_word' id='word_1_232' title='bbox 1374 2429 1472 2468; x_wconf 90' lang='lat' dir='ltr'><strong>pour</strong></span> <span class='ocrx_word' id='word_1_233' title='bbox 1495 2428 1600 2454; x_wconf 89' lang='lat' dir='ltr'><strong>com-</strong></span> 
     </span>
     <span class='ocr_line' id='line_1_29' title="bbox 186 2476 1079 2533; baseline 0.002 -16"><span class='ocrx_word' id='word_1_234' title='bbox 186 2476 289 2518; x_wconf 86' lang='lat' dir='ltr'><strong>bien.</strong></span> <span class='ocrx_word' id='word_1_235' title='bbox 311 2495 330 2514; x_wconf 67' lang='grc' dir='ltr'><strong>ι</strong></span> <span class='ocrx_word' id='word_1_236' title='bbox 352 2481 511 2519; x_wconf 84' lang='lat' dir='ltr'><strong>Journal</strong></span> <span class='ocrx_word' id='word_1_237' title='bbox 531 2480 578 2519; x_wconf 88' lang='lat' dir='ltr'><strong>de</strong></span> <span class='ocrx_word' id='word_1_238' title='bbox 600 2481 748 2520; x_wconf 77' lang='lat' dir='ltr'><strong>Gerard</strong></span> <span class='ocrx_word' id='word_1_239' title='bbox 769 2480 932 2530; x_wconf 83' lang='lat' dir='ltr'><strong>Robert,</strong></span> <span class='ocrx_word' id='word_1_240' title='bbox 951 2493 990 2533; x_wconf 92' lang='lat' dir='ltr'><strong>p.</strong></span> <span class='ocrx_word' id='word_1_241' title='bbox 1013 2481 1079 2520; x_wconf 85' lang='lat'><strong>16.</strong></span> 
     </span>
    </p>

    <p class='ocr_par' dir='ltr' id='par_1_5' title="bbox 242 2542 1023 2597">
     <span class='ocr_line' id='line_1_30' title="bbox 242 2542 1023 2597; baseline 0.006 -20"><span class='ocrx_word' id='word_1_242' title='bbox 242 2543 279 2578; x_wconf 86' lang='grc'><strong>1.</strong></span> <span class='ocrx_word' id='word_1_243' title='bbox 312 2543 336 2579; x_wconf 74' lang='grc'><strong>5</strong></span> <span class='ocrx_word' id='word_1_244' title='bbox 356 2542 430 2580; x_wconf 90' lang='lat' dir='ltr'><strong>mai</strong></span> <span class='ocrx_word' id='word_1_245' title='bbox 451 2544 569 2582; x_wconf 77' lang='lat'><strong>1477.</strong></span> <span class='ocrx_word' id='word_1_246' title='bbox 1011 2590 1023 2597; x_wconf 55' lang='grc'><strong>-</strong></span> 
     </span>
    </p>

    <p class='ocr_par' dir='ltr' id='par_1_6' title="bbox 236 2596 1247 2658">
     <span class='ocr_line' id='line_1_31' title="bbox 236 2596 1247 2658; baseline -0.001 -17"><span class='ocrx_word' id='word_1_247' title='bbox 236 2605 276 2642; x_wconf 78' lang='lat'><strong>2.</strong></span> <span class='ocrx_word' id='word_1_248' title='bbox 305 2596 411 2643; x_wconf 65' lang='lat' dir='ltr'><strong>Lisoe.</strong></span> <span class='ocrx_word' id='word_1_249' title='bbox 428 2607 587 2643; x_wconf 83' lang='lat' dir='ltr'><strong>ducenta</strong></span> <span class='ocrx_word' id='word_1_250' title='bbox 598 2635 608 2653; x_wconf 97' lang='lat'><strong>,</strong></span> <span class='ocrx_word' id='word_1_251' title='bbox 630 2605 808 2658; x_wconf 86' lang='lat' dir='ltr'><strong>puisqu&#39;il</strong></span> <span class='ocrx_word' id='word_1_252' title='bbox 828 2619 853 2656; x_wconf 90' lang='lat' dir='ltr'>y</span> <span class='ocrx_word' id='word_1_253' title='bbox 868 2618 891 2643; x_wconf 89' lang='lat' dir='ltr'><strong>a</strong></span> <span class='ocrx_word' id='word_1_254' title='bbox 909 2604 1056 2643; x_wconf 88' lang='lat' dir='ltr'><strong>ensuite</strong></span> <span class='ocrx_word' id='word_1_255' title='bbox 1072 2613 1247 2642; x_wconf 81' lang='lat' dir='ltr'><strong>trecenta.</strong></span> 
     </span>
    </p>

    <p class='ocr_par' dir='ltr' id='par_1_7' title="bbox 186 2665 1603 2906">
     <span class='ocr_line' id='line_1_32' title="bbox 242 2665 1603 2719; baseline 0.001 -16"><span class='ocrx_word' id='word_1_256' title='bbox 242 2667 280 2704; x_wconf 92' lang='grc'><strong>3-.</strong></span> <span class='ocrx_word' id='word_1_257' title='bbox 311 2681 331 2699; x_wconf 75' lang='grc' dir='ltr'><strong>α</strong></span> <span class='ocrx_word' id='word_1_258' title='bbox 348 2668 402 2704; x_wconf 87' lang='lat' dir='ltr'><strong>Le</strong></span> <span class='ocrx_word' id='word_1_259' title='bbox 428 2668 494 2705; x_wconf 79' lang='lat'><strong>12·</strong></span> <span class='ocrx_word' id='word_1_260' title='bbox 512 2666 602 2715; x_wconf 88' lang='lat' dir='ltr'><strong>jour</strong></span> <span class='ocrx_word' id='word_1_261' title='bbox 627 2667 675 2706; x_wconf 91' lang='lat' dir='ltr'><strong>de</strong></span> <span class='ocrx_word' id='word_1_262' title='bbox 696 2680 800 2719; x_wconf 84' lang='lat' dir='ltr'><strong>may,</strong></span> <span class='ocrx_word' id='word_1_263' title='bbox 828 2667 885 2705; x_wconf 89' lang='lat' dir='ltr'><strong>fut</strong></span> <span class='ocrx_word' id='word_1_264' title='bbox 909 2666 1097 2705; x_wconf 77' lang='lat' dir='ltr'><strong>demande</strong></span> <span class='ocrx_word' id='word_1_265' title='bbox 1120 2677 1190 2717; x_wconf 86' lang='lat' dir='ltr'><strong>par</strong></span> <span class='ocrx_word' id='word_1_266' title='bbox 1214 2666 1250 2703; x_wconf 88' lang='lat' dir='ltr'><strong>le</strong></span> <span class='ocrx_word' id='word_1_267' title='bbox 1273 2677 1342 2716; x_wconf 86' lang='lat' dir='ltr'><strong>roy</strong></span> <span class='ocrx_word' id='word_1_268' title='bbox 1370 2677 1435 2703; x_wconf 87' lang='lat' dir='ltr'><strong>sur</strong></span> <span class='ocrx_word' id='word_1_269' title='bbox 1457 2665 1492 2703; x_wconf 85' lang='lat' dir='ltr'><strong>la</strong></span> <span class='ocrx_word' id='word_1_270' title='bbox 1515 2665 1603 2704; x_wconf 91' lang='lat' dir='ltr'><strong>ville</strong></span> 
     </span>
     <span class='ocr_line' id='line_1_33' title="bbox 186 2723 1601 2782; baseline 0 -17"><span class='ocrx_word' id='word_1_271' title='bbox 186 2727 357 2774; x_wconf 77' lang='lat' dir='ltr'><strong>d’Arras,</strong></span> <span class='ocrx_word' id='word_1_272' title='bbox 385 2738 465 2767; x_wconf 88' lang='lat' dir='ltr'><strong>tant</strong></span> <span class='ocrx_word' id='word_1_273' title='bbox 486 2743 552 2768; x_wconf 88' lang='lat' dir='ltr'><strong>sur</strong></span> <span class='ocrx_word' id='word_1_274' title='bbox 572 2723 723 2782; x_wconf 73' lang='lat' dir='ltr'><strong>l&#39;Eglise</strong></span> <span class='ocrx_word' id='word_1_275' title='bbox 736 2761 745 2778; x_wconf 90' lang='lat'><strong>,</strong></span> <span class='ocrx_word' id='word_1_276' title='bbox 766 2743 916 2768; x_wconf 89' lang='lat' dir='ltr'><strong>comme</strong></span> <span class='ocrx_word' id='word_1_277' title='bbox 934 2743 999 2768; x_wconf 86' lang='lat' dir='ltr'><strong>sur</strong></span> <span class='ocrx_word' id='word_1_278' title='bbox 1017 2729 1239 2775; x_wconf 86' lang='lat' dir='ltr'><strong>marchans,</strong></span> <span class='ocrx_word' id='word_1_279' title='bbox 1260 2728 1439 2779; x_wconf 82' lang='lat' dir='ltr'><strong>bourgois</strong></span> <span class='ocrx_word' id='word_1_280' title='bbox 1462 2738 1499 2766; x_wconf 88' lang='lat' dir='ltr'><strong>et</strong></span> <span class='ocrx_word' id='word_1_281' title='bbox 1521 2742 1601 2766; x_wconf 85' lang='lat' dir='ltr'><strong>ma·</strong></span> 
     </span>
     <span class='ocr_line' id='line_1_34' title="bbox 187 2789 1602 2843; baseline 0.001 -16"><span class='ocrx_word' id='word_1_282' title='bbox 187 2802 283 2828; x_wconf 89' lang='lat' dir='ltr'><strong>nans</strong></span> <span class='ocrx_word' id='word_1_283' title='bbox 302 2790 350 2828; x_wconf 91' lang='lat' dir='ltr'><strong>de</strong></span> <span class='ocrx_word' id='word_1_284' title='bbox 374 2791 488 2830; x_wconf 85' lang='lat' dir='ltr'><strong>ladite</strong></span> <span class='ocrx_word' id='word_1_285' title='bbox 513 2792 616 2839; x_wconf 86' lang='lat' dir='ltr'><strong>ville,</strong></span> <span class='ocrx_word' id='word_1_286' title='bbox 641 2792 873 2843; x_wconf 86' lang='lat' dir='ltr'><strong>chinquante</strong></span> <span class='ocrx_word' id='word_1_287' title='bbox 899 2792 1000 2830; x_wconf 87' lang='lat' dir='ltr'><strong>mille</strong></span> <span class='ocrx_word' id='word_1_288' title='bbox 1018 2803 1142 2837; x_wconf 90' lang='lat' dir='ltr'><strong>escus,</strong></span> <span class='ocrx_word' id='word_1_289' title='bbox 1170 2790 1263 2827; x_wconf 88' lang='lat' dir='ltr'><strong>dont</strong></span> <span class='ocrx_word' id='word_1_290' title='bbox 1288 2789 1339 2827; x_wconf 90' lang='lat' dir='ltr'><strong>lui</strong></span> <span class='ocrx_word' id='word_1_291' title='bbox 1367 2790 1422 2827; x_wconf 84' lang='lat' dir='ltr'><strong>fut</strong></span> <span class='ocrx_word' id='word_1_292' title='bbox 1441 2791 1602 2828; x_wconf 83' lang='lat' dir='ltr'><strong>accorde‘</strong></span> 
     </span>
     <span class='ocr_line' id='line_1_35' title="bbox 188 2844 1526 2906; baseline -0.001 -14"><span class='ocrx_word' id='word_1_293' title='bbox 188 2844 373 2906; x_wconf 81' lang='lat' dir='ltr'><strong>quarante</strong></span> <span class='ocrx_word' id='word_1_294' title='bbox 393 2855 508 2894; x_wconf 87' lang='lat' dir='ltr'><strong>mille.</strong></span> <span class='ocrx_word' id='word_1_295' title='bbox 531 2871 549 2890; x_wconf 72' lang='grc' dir='ltr'><strong>ι</strong></span> <span class='ocrx_word' id='word_1_296' title='bbox 574 2856 731 2893; x_wconf 86' lang='lat' dir='ltr'><strong>Journal</strong></span> <span class='ocrx_word' id='word_1_297' title='bbox 750 2855 798 2893; x_wconf 91' lang='lat' dir='ltr'><strong>de</strong></span> <span class='ocrx_word' id='word_1_298' title='bbox 818 2854 965 2894; x_wconf 69' lang='lat' dir='ltr'><strong>Gerard</strong></span> <span class='ocrx_word' id='word_1_299' title='bbox 984 2853 1144 2902; x_wconf 84' lang='lat' dir='ltr'><strong>Robert,</strong></span> <span class='ocrx_word' id='word_1_300' title='bbox 1168 2866 1207 2905; x_wconf 90' lang='lat' dir='ltr'><strong>p.</strong></span> <span class='ocrx_word' id='word_1_301' title='bbox 1231 2854 1295 2891; x_wconf 84' lang='lat'><strong>19.</strong></span> <span class='ocrx_word' id='word_1_302' title='bbox 1520 2853 1526 2859; x_wconf 83' lang='lat'><em>&#39;</em></span> 
     </span>
    </p>
   </div>
  </div>
 </body>
</html>
