2060 3392
504 334 582 371 276
1074 329 1323 366 Ammoni
1336 358 1347 376 ‚

501 439 588 490 per
614 431 766 470 totum
790 420 1041 486 publicatis
1063 434 1284 482 regnum,
1310 433 1400 482 pro
1425 417 1581 480 quiete
1603 426 1651 463 et
1670 416 1917 465 securitate

502 501 719 549 omnium
743 498 824 562 qui
856 497 930 544 vel
955 496 1163 559 g'ermani
1195 496 1290 556 sui,
1315 494 1391 541 vel
1421 494 1624 541 aliorum
1651 492 1743 540 sibi
1768 492 1917 541 foede-

498 588 712 626 ratorum
733 575 1005 643 principum
1025 572 1239 638 partibus
1258 571 1589 633 adhaesissent,
1615 571 1917 636 proposuisse

500 653 766 719 generalem
812 651 977 715 (quam
1013 650 1130 696 olim
1168 649 1472 696 Athenienses
1516 648 1730 696 fecerunt
1774 658 1916 712 atque

496 732 716 778 dixerunt
731 728 1012 776 amnestiam
1026 763 1040 786 ‚
1064 743 1154 774 nos
1177 743 1291 774 vero
1317 726 1586 790 generalem
1603 725 1916 774 abolitionem

495 825 578 854 seu
607 805 950 869 indulgentiam
974 804 1212 870 appellare
1244 803 1486 867 solemus),
1516 820 1603 868 per
1626 819 1772 868 quam
1796 803 1914 851 fide-

493 884 719 931 lissimam
735 892 876 945 atque
895 880 1145 928 firmissam
1162 881 1460 927 securitatem
1475 880 1708 927 universis
1716 880 1798 943 qui
1810 897 1914 945 per·

493 971 603 1008 ante
627 962 678 1007 in
706 960 865 1024 aliqua
894 959 1186 1007 haesitatione
1223 959 1442 1020 fuissent,
1476 959 1684 1025 praestari
1710 968 1758 1006 et
1788 974 1912 1007 con-

491 1037 597 1085 cedi
621 1036 945 1084 indubitanter
969 1035 1256 1084 asserebant.
1289 1039 1344 1082 Et
1360 1036 1692 1100 hujuscemodi
1715 1036 1910 1100 quidem

489 1100 866 1178 suggestionibus
883 1114 1051 1178 saepius
1067 1114 1249 1161 onerati
1263 1123 1310 1161 et
1324 1114 1543 1161 intentati
1558 1130 1587 1161 a
1607 1113 1783 1175 multis,
1807 1123 1910 1161 tum

489 1193 831 1241 necessitudine
858 1192 1117 1255 sanguinis,
1143 1201 1246 1239 tum
1269 1191 1636 1242 amicitianobis
1656 1184 1905 1257 copulatis,

487 1288 587 1318 non
610 1272 744 1319 facile
769 1269 944 1319 adduci
976 1279 1250 1334 poteramus
1276 1279 1331 1316 ut
1354 1268 1501 1317 fidem
1530 1269 1668 1317 dictis
1689 1279 1772 1317 aut
1801 1286 1910 1336 pro-

487 1349 639 1395 missis
672 1347 1145 1396 accommodaremus
1184 1347 1308 1394 illius
1351 1363 1495 1411 quem
1532 1346 1908 1396 manifestissime

487 1425 863 1489 agnoscebamus
888 1434 1056 1472 contra
1081 1425 1240 1472 datam
1262 1440 1292 1472 a
1308 1441 1357 1471 se
1380 1424 1525 1472 fidem
1547 1435 1594 1472 et
1615 1435 1908 1474 sacramenta

484 1504 624 1568 plura
641 1504 785 1551 etiam
807 1513 1021 1550 recenter
1043 1501 1205 1549 fecisse
1220 1539 1232 1563 ,
1259 1518 1348 1549 nec
1371 1512 1528 1549 tutum
1547 1503 1629 1550 illo
1646 1513 1790 1568 pacto
1806 1502 1906 1550 fore

482 1581 606 1628 illius
628 1581 740 1628 fidei
759 1581 866 1627 vitae
887 1580 1111 1643 necisque
1130 1579 1180 1625 in
1203 1595 1293 1625 nos
1309 1588 1590 1644 potestatem
1610 1580 1901 1644 permittere,

482 1659 565 1722 qui
601 1675 706 1706 eam
731 1659 928 1723 proprio
963 1673 1195 1721 germano
1233 1655 1322 1703 sub
1362 1657 1643 1704 sacramenti
1676 1657 1905 1721 religione

481 1735 711 1782 sancitam
741 1735 936 1782 minime
970 1734 1263 1781 servavisset.
1305 1733 1632 1782 Occurrebant
1654 1734 1795 1782 nobis
1825 1735 1903 1783 die

481 1822 722 1876 noctuque
743 1822 790 1858 et
811 1821 983 1858 nostrae
1004 1812 1175 1858 mentis
1193 1811 1569 1859 obversabantur
1584 1812 1751 1873 oculis,
1771 1830 1905 1861 nunc·

479 1889 553 1950 hi,
587 1889 839 1936 crudeliter
862 1904 1094 1952 aquarum
1119 1887 1336 1935 suffocati
1361 1889 1644 1953 gurgitibus,
1671 1907 1802 1938 nunc
1825 1891 1899 1939 isti

479 1967 584 2014 caesi
615 1977 663 2013 et
685 1966 864 2027 laniati,
894 1966 1043 2013 modo
1069 1965 1147 2012 alii
1179 1967 1278 2029 qui,
1306 1966 1480 2014 talibus
1510 1984 1559 2014 se
1581 1966 1901 2016 subducentes

479 2043 637 2102 malis,
669 2043 841 2090 relictis
863 2042 1145 2106 conjugibus
1174 2053 1220 2089 et
1254 2042 1431 2104 liberis,
1464 2043 1658 2109 [potius]
1683 2045 1898 2092 exsilium

478 2121 637 2168 subire
666 2137 810 2186 quam
830 2120 1003 2167 talibus
1026 2137 1124 2167 sese
1152 2121 1392 2168 involvere
1415 2121 1694 2169 criminibus
1718 2122 1899 2186 delege-

478 2206 600 2258 rant,
620 2206 683 2255 et,
705 2195 931 2243 omnibus
949 2196 1122 2243 relictis
1137 2196 1354 2256 fortuniS,
1374 2197 1435 2244 de
1449 2197 1691 2261 Babylone
1709 2198 1900 2263 aufuge·

477 2283 583 2322 rant
607 2283 748 2336 atque
770 2273 1055 2332 exiverant¹3
1077 2289 1284 2337 quorum
1307 2273 1448 2321 nobis
1467 2291 1598 2338 paene
1623 2274 1808 2322 assidue
1827 2291 1898 2323 re-

474 2360 760 2414 praesentatae
766 2351 998 2414 imagines
1007 2350 1187 2397 nullam
1196 2351 1246 2397 in
1258 2338 1535 2414 hujusmodi
1547 2352 1787 2400 amnestiis
1797 2353 1895 2401 sive

475 2425 818 2474 abolitionibus
853 2426 1180 2492 reponendam
1213 2442 1312 2474 esse
1347 2444 1481 2492 spem
1521 2428 1888 2478 convincebant.

529 2578 566 2615 1.
595 2575 771 2614 Allusion
797 2588 848 2614 au
871 2574 1044 2626 supplice
1065 2573 1114 2611 de
1138 2576 1235 2612 Jean
1257 2573 1502 2623 Leboursier,
1533 2589 1718 2616 receveur
1736 2578 1892 2631 general

469 2639 519 2678 de
542 2637 800 2686 Normandie,
821 2638 922 2688 noye
943 2637 1038 2674 dans
1063 2636 1213 2683 l‘Eure,
1241 2638 1263 2674 ὲ
1293 2637 1392 2675 celui
1417 2638 1464 2676 de
1493 2640 1684 2679 Gauvain·
1700 2641 1889 2690 Mauviel,

469 2701 680 2740 lieutenant
694 2700 849 2754 general
866 2700 918 2738 du
935 2698 1042 2737 bailli
1059 2699 1108 2737 de
1126 2702 1277 2746 Rouen,
1298 2699 1470 2752 decapite
1489 2703 1511 2740 a
1529 2704 1642 2742 Pont-
1643 2703 1743 2742 de—l’
1746 2704 1889 2752 Arche,

467 2778 489 2802 a
510 2763 614 2802 l’exil
638 2763 690 2802 du
715 2762 842 2813 doyen
864 2770 902 2800 et
923 2761 959 2799 d'
962 2774 1039 2799 une
1066 2761 1189 2813 partie
1212 2761 1264 2799 du
1283 2761 1455 2814 chapitre
1473 2764 1523 2803 de
1550 2765 1588 2804 la
1605 2766 1823 2841 cathedrale
1839 2766 1889 2806 de

466 2828 511 2863 R
510 2839 618 2864 men.
642 2825 734 2863 Voir
753 2824 791 2862 la
808 2823 1026 2874 Chronique
1046 2823 1310 2862 scandaleuse.
