2060 3392
623 277 771 315 LIBER
818 275 1019 314 PRIMUS.
1468 273 1540 311 32¹

196 368 305 415 Haec
328 366 415 415 fuit
444 375 544 413 tota
576 364 848 412 humanitas
862 400 874 421 ,
907 362 1010 410 haec
1036 361 1379 427 promissorum
1404 371 1452 407 et
1477 377 1548 408 sa-

130 453 484 493 cramentorum
505 441 648 502 fides,
674 457 817 506 quam
840 457 951 504 erga
971 439 1163 486 fratrem
1183 435 1403 503 praefat'us
1423 437 1551 485 illus-

131 522 362 582 trissimus
403 521 626 586 princeps
663 519 819 585 potuit
868 535 958 583 pro
1000 516 1142 564 nobis
1180 516 1410 564 invenire.
1455 519 1551 563 Nec

133 599 309 648 mirum
326 597 544 664 profecto
566 598 606 644 si
627 613 716 662 pro
738 596 834 643 alio
859 595 1000 642 talem
1026 593 1227 641 offendit
1243 593 1355 640 fidei
1373 593 1553 641 tenaci-

132 686 301 735 tatem,
337 691 449 723 cum
476 685 524 722 et
552 691 653 722 non
687 672 954 721 absimilem
984 672 1034 719 in
1072 671 1278 735 propriis
1308 670 1442 718 factis
1471 681 1554 718 aut

133 753 352 820 negotiis,
379 770 480 800 non
504 753 665 811 semel,
692 751 775 799 sed
798 750 992 816 plurieS‚
1022 746 1336 813 proh-dolor!
1363 748 1555 796 invene·

134 832 219 894 rit,
247 840 303 880 ut
329 830 391 878 de
420 830 567 896 ipsius
589 846 706 878 nece
730 838 874 894 atque
895 825 1206 876 exstinctione
1230 825 1487 874 miserabili
1509 836 1555 873 et

137 908 361 958 deflenda
380 908 636 956 sileamus¹.

598 1096 940 1144 CAPITULUM
974 1096 1096 1140 XXI.

269 1254 272 1256 -
342 1233 395 1267 De
410 1232 521 1278 poenis
534 1231 662 1278 quibus
679 1238 820 1266 nostros
833 1236 1075 1277 persecutores
1090 1228 1184 1264 Deus
1202 1227 1353 1276 punivit.

180 1361 384 1407 Verum
410 1357 597 1405 silentio
622 1356 1003 1422 praetereundum
1029 1371 1130 1402 non
1159 1364 1229 1402 est
1251 1353 1452 1440 qualiter
1472 1370 1562 1418 pro

141 1436 238 1492 suis
261 1434 601 1501 impietatibus,
629 1434 690 1481 de
714 1434 831 1481 illo
818 1433 968 1498 lmpio
997 1431 1194 1480 satellite
1218 1431 1409 1494 suisque
1435 1446 1561 1477 non·

142 1512 317 1560 nullis'
304 1530 355 1560 m
374 1512 467 1560 hac
489 1511 722 1574 nequitia,
754 1510 817 1559 ad
838 1510 954 1558 tales
975 1509 1229 1557 adversum
1257 1524 1348 1555 nos
1372 1508 1565 1554 concin-

142 1592 326 1638 nandas
344 1589 607 1637 calumnias
624 1588 855 1652 dolosque
874 1587 1205 1646 multiformes,
1226 1585 1558 1650 complicibus,

142 1682 243 1716 non
265 1661 412 1731 longo
437 1675 546 1732 post
567 1665 769 1713 decurso
794 1676 1011 1730 tempore
1035 1664 1196 1711 divina
1220 1663 1399 1726 justitia
1427 1662 1562 1710 debi-

143 1753 215 1792 tas
229 1743 434 1808 exegerit
447 1758 630 1808 poenas.
647 1742 728 1789 Ille
744 1742 874 1789 enim
891 1741 1066 1805 impius
1081 1740 1282 1800 satelleS,
1301 1739 1565 1804 praecipuus

144 1821 288 1868 totius
324 1820 666 1868 criminationis
704 1828 752 1865 et
786 1817 1135 1865 calumniarum
1176 1825 1439 1875 exsecutor,
1482 1817 1565 1879 qui

147 1897 289 1946 talem
312 1914 369 1944 ac
390 1906 593 1956 tantam,
629 1896 698 1942 uti
729 1894 998 1954 retulimus,
1024 1893 1154 1958 apud
1176 1909 1337 1956 regem
1368 1892 1566 1955 gratiam

145 1975 411 2035 invenerat,
435 1974 558 2022 infra
578 1989 765 2020 menses
793 1982 887 2019 tres
908 1980 1164 2037 postquam
1186 1970 1362 2018 dictam
1386 1971 1565 2018 calum-

148 2053 279 2101 niam
300 2052 362 2100 de
383 2051 738 2100 machinatione
762 2051 812 2097 in
831 2066 998 2097 necem
1021 2049 1160 2111 regis,
1187 2058 1234 2095 et
1251 2048 1383 2112 quod
1405 2048 1566 2095 crimi-

147 2146 284 2191 num,
305 2129 366 2178 de
382 2128 558 2194 quibus
572 2126 907 2175 deferebantur
922 2124 1133 2190 praedicti
1150 2124 1402 2172 cardinalis
1416 2125 1567 2171 Balue

147 2217 196 2256 et
233 2207 543 2255 Virdunensis
590 2202 904 2271 [episcopus],
943 2210 1160 2250 auctores
1200 2202 1566 2266 inventoresque

148 2284 413 2346 fuissemus,
435 2283 689 2331 adversum
719 2298 808 2331 nos
829 2279 1134 2328 confluxisset
1162 2295 1246 2326 seu
1267 2278 1562 2339 affirmasset,

145 2363 332 2427 juvenis
352 2363 547 2428 quidem
568 2361 750 2408 nedum
784 2375 1024 2407 annorum
1045 2358 1259 2420 triginta,
1284 2357 1332 2404 in
1359 2356 1477 2404 flore
1495 2356 1569 2420 ju-

152 2437 372 2497 ventutis,
399 2437 528 2503 apud
548 2446 755 2484 castrum
779 2433 840 2481 de
863 2436 915 2481 N
900 2443 1024 2497 yort
1043 2432 1259 2479 Pictaviae
1286 2430 1566 2478 miserabili·

153 2523 225 2561 ter
254 2513 411 2562 obiit¹.
438 2517 581 2573 Nam,
614 2522 668 2560 ut
700 2529 729 2560 a
753 2510 1022 2559 clarissimis
1051 2509 1162 2557 viris
1193 2507 1445 2572 multisque
1472 2507 1567 2555 fide

157 2679 160 2683 ,
209 2648 345 2689 ·1.-s'il
374 2647 454 2687 s’en
486 2647 554 2686 tait
575 2646 652 2693 ici,
683 2645 710 2684 il
738 2658 788 2684 en
818 2644 925 2697 parle
949 2643 1045 2682 dans
1070 2640 1267 2680 l’flistoire
1296 2640 1349 2679 du
1379 2641 1497 2692 regne
1522 2639 1570 2678 de

158 2710 272 2750 nouis
290 2712 368 2758 XI,
389 2717 417 2748 t.
439 2711 500 2755 11,
519 2722 559 2760 p.
583 2709 660 2746 287
682 2715 720 2745 et
738 2709 833 2747 296.

211 2775 251 2809 Ξ.
282 2773 386 2809 Dans
403 2770 492 2808 l'ete
511 2769 559 2808 de
578 2770 695 2808 11269.
838 2813 842 2817 Α

294 2849 341 2873 ιιι
1312 2830 1357 2865 21
