2060 3392
436 303 514 340 238
1002 304 1253 342 AP0L0G1A
1268 333 1278 352 ‚

437 391 742 452 deberemus,
782 393 1034 456 aliquantis
1067 391 1259 453 diebus,
1299 393 1510 458 pericula
1550 393 1714 441 animo
1754 395 1856 443 vol-

435 480 621 530 ventes,
664 470 874 533 ambigui
915 470 1235 535 ancipitesque
1276 470 1512 517 haesimus.
1562 470 1856 520 Verebamur

435 549 564 595 enim
588 549 820 612 primum,
856 564 967 594 cum
988 547 1038 594 id
1075 547 1330 613 perficere,
1359 549 1428 595 uti
1461 564 1549 613 par
1573 559 1716 611 esset,
1754 566 1855 598 non

436 641 707 689 possemus,
734 624 850 687 quin
877 624 1018 672 nobis
1047 634 1303 690 praetensos
1327 625 1488 686 dolos,
1516 626 1776 676 calumnias
1799 643 1855 675 ac

436 702 564 749 varia
587 712 634 748 et
655 702 962 750 multiformia
984 703 1237 750 molimina
1256 703 1604 768 intentatasque
1626 714 1672 751 et
1700 699 1854 751 inflic-

436 788 504 826 tas
525 779 876 844 persecutiones
908 790 1248 842 retexeremus,
1274 797 1359 841 ne,
1387 780 1438 827 id
1472 780 1691 829 faciendo
1721 782 1854 846 quod

435 857 630 919 rogasti,
658 856 953 918 gravioribus
972 874 1060 904 nos
1080 867 1127 905 et
1149 857 1500 905 sollicitioribus
1518 875 1574 906 ac
1593 859 1742 922 magis
1765 859 1856 906 for-

434 932 679 981 midolosis
701 935 921 998 periculis
940 934 1260 998 injiceremus,
1285 952 1430 1000 quam
1453 936 1532 983 illa
1553 936 1730 983 fuerint
1750 953 1856 1000 quae

433 1010 663 1058 hactenus
706 1013 940 1077 perpessi,
983 1012 1074 1060 hac
1109 1029 1138 1060 a
1176 1012 1317 1061 nobis
1364 1024 1605 1079 assumpta
1651 1014 1856 1078 peregri-

435 1089 653 1148 natione,
692 1089 972 1153 effugimus3
1012 1091 1271 1156 praesertim
1309 1108 1420 1139 cum
1458 1090 1629 1139 talibus
1671 1101 1855 1156 patrata

435 1163 529 1210 sint
546 1163 848 1223 auctoribus,
869 1164 930 1212 de
951 1181 1159 1228 quorum
1176 1165 1381 1228 justitia,
1410 1165 1587 1213 fide-ac
1616 1165 1855 1230 probitate

434 1240 576 1288 satius
593 1251 640 1288 et
651 1242 912 1289 consultius
927 1243 1224 1307 silerequam
1240 1242 1421 1307 aliquid
1442 1243 1601 1307 eloqui
1617 1243 1667 1289 in
1685 1243 1856 1291 alteru-

433 1327 556 1367 tram
587 1329 770 1385 partem
796 1321 895 1368 fore
919 1320 1159 1369 videretur
1179 1340 1192 1382 3
1218 1321 1360 1368 simul
1380 1322 1530 1369 ,etiam
1551 1321 1684 1385 quod
1697 1357 1710 1383 ,
1744 1338 1858 1370 cum

434 1396 601 1444 eadem
646 1398 916 1445 enarrando
962 1399 1196 1447 nonnulla
1222 1399 1418 1446 reticere
1452 1415 1552 1446 non
1582 1415 1854 1464 possemus,

434 1491 538 1538 quae
559 1474 622 1521 ad
645 1476 1131 1540 quantulamcumque
1149 1477 1300 1524 nostri
1321 1476 1791 1525 commendationem
1809 1487 1858 1530 et

433 1551 625 1600 laudem
660 1553 812 1602 facere
844 1555 1143 1615 viderentur,
1184 1553 1472 1601 timebamus
1508 1571 1571 1602 ne
1598 1571 1655 1602 ex
1689 1570 1855 1602 eorum

433 1631 707 1679 recitatione
738 1632 1011 1695 jactantiae,
1037 1631 1169 1678 velut
1198 1631 1464 1696 cujuspiam
1485 1632 1545 1679 de
1574 1648 1624 1678 se
1652 1632 1856 1679 inaniter

434 1706 701 1769 gloriantis,
729 1709 897 1756 vitium
923 1725 1008 1756 seu
1041 1719 1206 1756 notam
1231 1709 1581 1756 incurreremus
1603 1708 1679 1756 vel
1700 1710 1856 1756 incur-

433 1784 545 1831 risse
570 1795 863 1850 putaremur,
896 1795 1036 1850 atque
1067 1786 1211 1833 etiam
1240 1802 1297 1833 ex
1325 1786 1421 1833 hoc
1451 1786 1632 1851 pusillis
1659 1795 1706 1833 et
1726 1786 1856 1833 infir-

433 1861 665 1910 mioribus
688 1862 925 1928 aliquibus
960 1863 1110 1910 ruinae
1141 1873 1283 1927 atque
1307 1863 1521 1911 scandali
1553 1864 1856 1910 occasionem

432 1939 766 2004 praeberemus,
805 1942 899 1989 Sed
934 1958 1045 1988 cum
1079 1958 1105 1988 e
1137 1940 1325 1989 diverso
1354 1951 1513 1988 mente
1545 1942 1852 2005 agitaremus,

433 2033 490 2063 ex
509 2028 675 2065 nostro
694 2019 854 2084 potius
875 2019 1063 2067 silentio
1085 2035 1231 2083 quam
1255 2018 1405 2066 verbo
1429 2019 1506 2066 vel
1532 2019 1707 2084 scripto
1731 2035 1856 2066 eam-

434 2095 543 2142 dem
568 2096 778 2144 scandali
799 2098 1047 2144 materiam
1069 2097 1225 2143 afferri
1247 2097 1493 2144 nonnullis
1525 2113 1665 2161 posse
1683 2134 1695 2158 ,
1721 2096 1855 2161 quod

433 2172 644 2236 ejusdem
677 2183 847 2221 nostrae
879 2175 1272 2239 peregrinationis
1298 2184 1345 2221 et
1376 2173 1438 2221 ab
1472 2173 1670 2220 ecclesia
1694 2183 1856 2221 nostra

433 2249 678 2313 absentiae,
717 2268 817 2299 non
856 2252 1003 2299 modo
1036 2252 1309 2317 probabiles
1343 2262 1505 2316 atque¹
1523 2250 1851 2312 rationabiles,

431 2329 515 2375 sed
532 2330 674 2377 etiam
694 2330 978 2378 necessarias
998 2331 1271 2394 ignorantes
1291 2346 1456 2377 causas
1468 2364 1482 2385 ‚
1503 2329 1565 2377 ad
1583 2329 1854 2394 exemplum

432 2415 479 2453 et
501 2407 815 2454 imitationem
837 2408 985 2454 nostri
1001 2444 1013 2468 ,
1039 2407 1099 2454 ad
1125 2407 1258 2454 facile
1280 2406 1564 2453 deserendas
1589 2406 1723 2453 sedes
1746 2422 1855 2454 suas

433 2494 479 2531 et
519 2483 608 2531 sibi
648 2484 848 2531 creditas
879 2484 1311 2531 administrationes
1344 2484 1503 2531 forsan
1541 2493 1734 2548 possent
1778 2485 1853 2531 in·

431 2561 560 2622 duci,
589 2571 634 2607 et
657 2577 714 2608 ex
728 2561 824 2607 hoc
845 2560 908 2608 ad
930 2560 1192 2608 fulciendas
1209 2561 1368 2607 minus
1382 2561 1518 2624 justae
1541 2571 1623 2607 aut
1646 2562 1854 2609 rationa-

430 2638 538 2686 bilis
560 2656 652 2686 suae
674 2638 897 2686 absentiae
918 2654 1083 2685 causas
1113 2639 1433 2702 patrocinium
1461 2655 1699 2686 assumere
1725 2657 1736 2686 ε
1763 2655 1851 2698 ne,
1894 2641 1897 2644 ’

431 2731 487 2765 ex
509 2709 605 2765 hoc
632 2731 742 2764 uno
761 2717 914 2782 capite
951 2715 1217 2781 periculum
1243 2716 1390 2763 vitare
1423 2717 1665 2764 studentes
1689 2717 1876 2764 incana

429 2796 543 2858 tius,
587 2797 635 2843 in
673 2795 802 2843 aliud
845 2795 1107 2843 identidem
1147 2805 1228 2844 aut
1275 2795 1482 2843 deterius
1525 2796 1846 2855 incurramus,
