2060 3392
674 307 815 346 Lmsn
842 306 1041 344 snxms.
1512 310 1561 347 4¹1

148 393 302 460 tibus)
331 396 383 445 in
419 412 572 445 unum
602 412 703 445 non
736 393 1140 443 concordantibus
1158 433 1173 452 ,
1209 394 1342 443 nullo
1363 395 1487 443 inter
1515 413 1564 444 se

149 481 349 527 metatu
384 473 552 522 habito
588 489 677 522 nec
702 488 785 537 spe
813 471 973 535 aliqua
999 470 1061 518 de
1099 470 1294 519 ulterius
1323 472 1373 518 in
1411 489 1563 520 unum

149 550 370 601 coeundo
395 550 575 612 relicta,
603 550 825 614 uterque¹
849 548 912 596 ad
930 548 1127 614 propria
1152 548 1411 597 redierunt.

214 629 430 676 Durante'
458 645 574 676 vero
599 628 757 675 hieme
778 663 791 686 ,
816 643 954 685 cum,
982 626 1051 673 uti
1082 626 1286 674 diximus
1303 663 1315 686 ,
1340 627 1466 674 ultro
1497 628 1566 676 ci-

151 713 321 769 troque
336 740 350 764 ,
371 714 499 753 terra
518 704 734 770 marique
746 740 759 765 ,
784 713 958 768 treugae
979 703 1213 768 pericula,
1239 704 1499 752 calumnias
1519 715 1569 753 et

150 778 291 829 dolos
325 790 616 846 paterentur,
650 780 948 828 incursiones
984 780 1128 827 etiam
1161 796 1246 845 per
1278 790 1425 828 terras
1447 781 1568 829 limi-

149 867 314 912 taneas
334 858 435 907 fieri
452 875 553 906 non
576 859 924 918 omitterentur,
950 857 1232 921 navigiaque
1248 868 1568 907 mercatorum

149 951 180 984 a
200 935 523 985 Hossandrinis
549 936 808 1002 proesertim
830 934 1090 999 aliquando
1118 935 1195 982 vel
1218 935 1468 997 violentia,
1492 935 1568 984 vel

152 1013 316 1067 &aude
336 1014 730 1080 interciperentur
761 1022 810 1061 et
834 1011 1205 1074 abducerentur,
1232 1029 1421 1078 semper
1444 1030 1570 1078 pau-

150 1091 308 1154 latim,
335 1092 485 1157 magis
505 1108 562 1140 ac
584 1091 750 1156 magiS,
774 1090 1024 1138 inimicitia
1045 1099 1094 1137 et
1119 1089 1232 1138 odia
1251 1090 1567 1155 augebantur,

149 1179 198 1217 et
220 1170 532 1236 periculosius
555 1169 770 1234 quotidie
792 1167 937 1216 fiebat
957 1183 1007 1214 se
1023 1167 1200 1232 treugis
1214 1167 1409 1216 credere
1429 1179 1573 1234 atque

150 1247 466 1302 committere.
526 1247 664 1295 Unde
701 1246 813 1296 satis
857 1254 1138 1293 contuentes
1182 1244 1359 1293 subditi
1403 1245 1538 1294 ducis
1553 1282 1567 1307 ‚

148 1333 388 1378 mnsacta
406 1325 589 1384 hieme,
614 1340 805 1373 necesse
821 1322 999 1371 habere
1022 1323 1086 1370 ad
1106 1339 1239 1371 arma
1264 1322 1572 1384 redire‚cum

151 1401 283 1451 nulla
310 1412 525 1451 maneret
555 1419 662 1468 spes
689 1402 750 1450 de
773 1402 934 1466 aliquo
961 1401 1156 1448 ulterius
1182 1409 1422 1448 conventu
1437 1435 1452 1460 ,
1482 1417 1576 1465 pro

149 1479 397 1528 metanda
437 1496 556 1545 pace
596 1478 909 1538 celebrando,
950 1494 1040 1526 nec
1074 1478 1135 1525 de
1172 1477 1348 1540 treugis
1382 1477 1433 1524 in
1474 1494 1576 1524 me-

149 1555 323 1606 liorem
343 1567 519 1606 statum
540 1567 588 1605 et
610 1556 995 1604 observationem
1025 1554 1308 1615 sarciendis,
1335 1569 1454 1618 quas
1472 1554 1573 1602 die-

150 1642 289 1684 tenus
313 1635 527 1700 undique
550 1633 906 1698 cognoscebant
928 1632 1114 1694 violari,
1145 1641 1496 1696 congregarunt
1524 1650 1574 1681 se

149 1713 306 1768 Status
328 1714 547 1763 omnium
568 1713 830 1778 patriarum
852 1711 987 1759 ducis
1008 1710 1139 1775 apud
1157 1709 1390 1775 oppidum
1403 1713 1575 1757 Terre-

150 1790 385 1851 mundae’,
416 1791 521 1856 ipso
543 1790 687 1838 etiam
711 1790 834 1838 duce
863 1805 976 1836 cum
1001 1787 1203 1835 consilio
1223 1803 1311 1834 suo
1335 1787 1430 1835 illie
1454 1803 1573 1852 prae-

151 1876 299 1917 sente.

217 1945 312 2004 Qui
349 1961 463 1994 cum
496 1945 557 1992 de
588 1943 732 1992 rebus
761 1942 1101 1991 communibus
1116 1979 1130 2004 ,
1172 1940 1574 1990 concernentibus

151 2029 327 2071 stamm
367 2020 606 2069 bellorum
639 2031 687 2068 et
718 2020 848 2086 pacis
883 2019 1160 2068 earumdem
1191 2029 1425 2067 terrarum
1438 2054 1450 2078 ‚
1490 2018 1577 2066 diu

150 2098 275 2150 inter
296 2115 347 2146 se
369 2088 738 2160 deliberassent,
758 2099 807 2144 in
825 2114 881 2146 ea
902 2114 952 2145 se
972 2097 1282 2146 conclusione
1302 2095 1582 2156 firmarunt„

153 2185 228 2235 ut,
247 2192 336 2224 nec
354 2193 499 2242 super
515 2192 657 2241 pace,
684 2192 773 2223 nec
803 2192 945 2241 super
966 2175 1225 2241 prolixiore
1246 2183 1432 2238 treuga,
1462 2191 1584 2222 cum

152 2270 262 2319 rege
298 2264 548 2304 tractatum
587 2271 796 2320 quaerere
834 2264 916 2302 aut
945 2254 1176 2302 sustinere
1217 2253 1415 2313 vellent,
1455 2253 1572 2310 nisi,

152 2334 363 2399 primum
383 2344 432 2382 et
452 2344 562 2383 ante
594 2335 756 2383 omnia
769 2371 781 2394 ‚
810 2350 893 2380 rex
934 2349 1102 2381 omnes
1119 2341 1381 2380 terrassuae
1402 2330 1575 2396 princi-

152 2411 313 2476 pissae,
337 2428 457 2477 quas
481 2412 640 2461 eidem
663 2411 844 2461 ablatas
873 2409 936 2458 ab
969 2411 1074 2475 ipso
1109 2408 1383 2458 asserebant
1411 2408 1584 2471 inique<

153 2498 201 2536 et
216 2489 390 2555 injuste
405 2527 417 2550 ,
439 2501 614 2539 contra.
629 2489 775 2538 fidem
791 2499 837 2537 et
851 2489 1021 2537 seriem
1036 2498 1310 2551 treugarum
1322 2487 1385 2536 ad
1397 2502 1573 2534 novem

207 2628 246 2665 1.
277 2627 406 2667 Pluust
423 2634 572 2680 utrIque
589 2643 641 2668 ou
661 2635 849 2681 utrinque.

205 2687 246 2725 2.
276 2687 591 2728 Anachronisme.
612 2691 685 2727 Les
703 2689 800 2729 etats
821 2688 871 2726 de
886 2685 1104 2725 Termonde
1122 2686 1250 2724 furem
1282 2693 1392 2724 tenus
1409 2696 1458 2720 au
1477 2682 1573 2720 mois

154 2748 202 2788 de
223 2747 427 2788 decembre
453 2752 571 2792 11:19.
596 2751 688 2797 Voir
710 2751 767 2789 les
791 2751 1001 2802 fragments
1025 2747 1206 2786 d’Adrien
1230 2748 1302 2784 But
1329 2744 1478 2797 publies
1503 2757 1573 2796 par

154 2811 347 2867 SwertiuS,
368 2825 408 2863 p.
433 2813 522 2851 102.
