2060 3392
436 290 487 329 ¹0
807 290 1148 329 HISTORIARUM
1176 288 1412 327 Lunovml
1439 290 1495 326 XI

434 379 724 428 distrahebat
739 417 752 441 ,
777 395 888 427 cum
912 369 1039 425 enim
1057 378 1069 401 ¹
1106 376 1225 425 nihil
1261 376 1322 425 de
1339 377 1583 442 promissis
1607 388 1654 427 et
1693 395 1848 431 saera.

435 460 604 506 mentis
626 474 655 506 a
676 474 725 511 se
746 456 958 522 praestitis
977 464 1025 502 et
1049 453 1182 503 factis
1205 453 1459 502 observare
1482 454 1694 504 curabat.
1726 459 1847 507 Nam

432 547 481 584 et
490 553 617 598 cum,
635 535 851 583 nondum
864 548 1057 581 emenso
1067 531 1306 590 biennio',
1326 542 1515 596 treugas
1527 549 1639 581 cum
1651 535 1842 600 Carolo,

432 614 554 662 duce
570 630 675 672 suc,
695 610 1054 675 haeredibusque
1074 619 1122 658 et
1145 610 1484 673 sucessoribus»,
1518 612 1654 659 terris
1678 628 1736 660 ac
1753 612 1844 662 do·

433 692 606 752 mimis,
634 690 834 738 subditis
858 699 906 737 et
926 687 1233 738 servitoribus
1254 689 1366 752 suiS,
1389 699 1437 738 et
1455 705 1512 738 ea
1541 693 1846 742 sacramentis

431 769 716 828 arctissimis,
756 766 916 830 qualia
955 767 1219 831 excogitare
1265 766 1489 832 possibile
1524 767 1606 829 sit,
1649 767 1844 833 adjectis

430 847 571 895 etiam
595 845 748 911 poenis
768 843 969 892 infamiae
989 843 1278 892 omnimodae
1293 854 1340 891 et
1355 845 1696 910 vilipensionis,
1716 847 1841 895 aliis-

379 957 382 961 ·
429 942 522 990 que
553 926 834 989 gravissimis
869 924 1193 973 confirmasset
1216 934 1357 989 atque
1381 924 1650 974 roborasset
1669 912 1766 990 (ita
1789 937 1843 974 ut

430 1013 593 1051 neuter
615 1019 759 1068 supra
776 1003 976 1050 alterum
991 1039 1006 1064 ,
1023 1002 1084 1050 de
1102 1003 1256 1065 terriS,
1281 1002 1565 1065 civitatibus,
1587 1003 1776 1069 oppidis
1794 1014 1842 1052 et

428 1079 614 1129 arcibus
643 1079 1047 1145 quibuscumque,
1070 1095 1272 1144 quarum
1293 1089 1407 1127 tunc
1420 1079 1688 1128 detentores
1699 1090 1748 1128 et
1758 1097 1840 1128 oc-

427 1168 675 1223 cupatores
693 1167 847 1217 erant,
871 1157 1134 1222 quidquam
1153 1157 1224 1219 vi,
1245 1166 1346 1205 astu
1373 1158 1448 1204 vel
1464 1157 1596 1217 dolo,
1619 1167 1702 1205 aut
1715 1173 1839 1222 quo-

426 1253 632 1300 cumque
655 1236 974 1296 vaframento,
1001 1251 1084 1283 seu
1117 1236 1259 1284 etiam
1281 1243 1451 1300 sponte
1469 1251 1517 1282 se
1554 1234 1840 1283 dedentibus

426 1314 597 1362 accolis
628 1314 847 1361 locorum
877 1313 952 1361 vel
977 1313 1157 1361 arcium
1187 1311 1486 1370 custodibuS,
1507 1311 1718 1375 ,integris
1751 1328 1839 1360 no-

426 1408 533 1440 vem
553 1392 689 1439 annis
709 1390 1029 1451 currentibus,
1051 1406 1244 1456 capere,
1271 1406 1506 1455 occupare
1527 1389 1603 1438 vel
1630 1389 1838 1455 recipere

425 1478 610 1534 posset;
629 1469 745 1532 quin
766 1468 926 1533 potius
956 1468 1040 1516 ubi
1072 1477 1220 1533 captae
1254 1467 1328 1514 vel
1349 1477 1591 1532 occupatae
1606 1466 1668 1515 ab
1694 1467 1836 1515 alter-

426 1547 575 1596 utrius
596 1546 975 1611 quibuscumque
994 1546 1197 1595 ducibus
1219 1547 1315 1592 sive
1337 1544 1538 1592 subditis
1559 1554 1730 1605 essent,
1757 1561 1837 1592 eas

424 1624 550 1671 illico
560 1624 684 1670 ultro
705 1624 919 1688 citroque
933 1611 1136 1671 invicem
1147 1623 1327 1670 restitui
1345 1622 1496 1669 facere
1507 1622 1836 1670 incunctanter

424 1702 756 1766 tenerentur⁸),
770 1711 930 1750 tamen
943 1712 1110 1749 contra
1126 1710 1198 1748 tot
1211 1709 1437 1764 tantaque
1449 1709 1497 1747 et
1510 1709 1605 1747 tam
1618 1715 1834 1764 expresse

423 1780 653 1842 promissa
671 1790 717 1827 et
728 1779 1037 1843 jurisjurandi
1055 1779 1280 1842 religione
1298 1776 1484 1824 firmata
1501 1777 1664 1823 venire
1683 1776 1836 1841 impu-

423 1856 711 1919 dentissime,
740 1857 808 1904 uti
827 1856 1037 1918 aiebant,
1058 1855 1253 1903 minime
1277 1852 1544 1901 verebatur.
1570 1852 1707 1900 Unde
1723 1869 1835 1900 cum

423 1933 617 1980 homine
632 1943 730 1981 tam
745 1933 920 1996 fragilis
937 1943 984 1981 et
1002 1933 1191 1980 incertae
1210 1931 1321 1979 fidei
1340 1929 1488 1996 [cum]
1505 1946 1594 1976 nec
1609 1929 1740 1994 pacis
1754 1929 1834 1976 foe-

422 2010 536 2058 dera
545 2048 557 2071 ,
587 2027 675 2058 nec
698 2011 925 2058 amicitias
936 2011 1054 2058 ullas
1064 2010 1245 2058 validas
1257 2004 1305 2057 se
1317 2008 1566 2056 habituros
1583 2007 1682 2054 ullo
1691 2017 1832 2072 pacto

421 2096 613 2150 possent
625 2086 891 2147 confidere,
918 2087 1000 2151 qui
1038 2103 1127 2134 nec
1149 2089 1278 2147 Deo,
1303 2101 1392 2133 nec
1415 2084 1600 2131 homini
1617 2099 1830 2147 unquam

420 2163 508 2227 (uti
532 2164 673 2227 vulgo
691 2164 956 2228 jactabant)
977 2163 1122 2211 fidem
1134 2164 1342 2227 aliquam
1360 2171 1602 2220 servasset,
1627 2177 1834 2224 cumque

421 2252 643 2305 praeterea
658 2259 822 2290 recens
844 2259 926 2291 eos
943 2253 1128 2291 teneret
1148 2242 1381 2303 memoria
1400 2241 1462 2288 de
1478 2241 1609 2288 duris
1630 2250 1678 2287 et
1698 2256 1832 2305 aspe-

420 2319 483 2366 ris
502 2320 873 2382 conditionibus,
897 2321 1072 2385 quibus
1103 2337 1186 2369 eos
1208 2320 1306 2368 dux
1338 2336 1450 2367 suus
1471 2335 1624 2384 nuper
1659 2319 1833 2366 exstin-

420 2406 522 2444 ctus
556 2408 874 2463 oppresserat,
907 2400 1177 2463 pariterque
1204 2398 1404 2446 ministri
1430 2397 1502 2463 sui
1531 2406 1578 2443 et
1605 2395 1832 2443 officiales

419 2474 693 2538 (praesertim
718 2475 1076 2538 Burgundiones
1093 2486 1140 2523 et
1158 2475 1218 2523 de
1237 2475 1413 2523 caeteris
1431 2474 1566 2522 terris
1591 2473 1832 2537 gallicanae

419 2551 482 2597 lin
487 2551 623 2615 guae),
634 2552 856 2599 omnibus
863 2553 1018 2600 modis
1025 2553 1290 2619 principem
1298 2568 1355 2600 ex
1365 2550 1639 2599 nationibus
1649 2550 1834 2615 gallica-

474 2673 510 2708 1.
542 2673 637 2709 Sans
656 2671 772 2709 doute
790 2675 935 2710 omnino
953 2685 1003 2711 au
1021 2673 1096 2711 lieu
1119 2673 1167 2711 de
1186 2676 1299 2710 enim.

473 2736 510 2771 2.
542 2737 637 2785 Voy.
661 2743 688 2774 t.
711 2737 768 2782 II,
790 2749 830 2786 p.
853 2737 945 2774 366.

473 2799 509 2833 3.
541 2797 639 2835 C’est
658 2797 694 2834 la
712 2797 808 2837 Part.
835 2802 888 2836 μ’
906 2799 953 2837 de
972 2799 1007 2837 la
1026 2799 1132 2837 treve
1149 2798 1198 2836 de
1217 2797 1414 2837 Soleuvre.
