2060 3392
459 320 538 358 ¹78
818 314 1161 354 HISTomARUM
1187 313 1424 353 Lunovmt
1451 315 1507 352 xl

456 414 600 455 causa
625 402 907 466 indulgeret.
943 405 1147 466 Eratque
1177 417 1370 467 prorsus
1392 401 1564 464 linguae
1585 400 1838 451 disertione
1860 404 1870 428 ¹

454 492 504 532 et
544 480 734 531 dicendi
776 479 965 527 solertia
1005 494 1181 528 vacuus
1223 489 1364 544 atque
1403 479 1616 544 ineptus,
1660 479 1872 543 linguam

455 559 639 610 habens
659 547 962 620 crassiorem,
993 575 1082 606 nec
1101 558 1264 607 valens
1284 559 1487 606 litteram
1509 575 1537 605 r
1562 559 1613 606 in
1641 574 1871 623 quacum-

454 655 548 706 que
577 637 810 700 dictione,
839 636 1019 701 absque
1044 636 1283 685 indecenti
1317 637 1428 685 satis
1448 636 1621 700 lingum
1655 636 1872 686 crassitu-

453 717 584 779 dine,
607 714 836 782 proferre.

515 796 634 842 Tam
661 809 778 842 vero
807 791 1040 856 loquendi
1073 791 1240 841 avidus
1273 801 1396 854 erat,
1432 801 1486 839 ut
1514 791 1593 839 vix
1616 791 1745 851 aliis,
1785 791 1870 856 qui

451 888 615 922 coram
647 869 739 919 sihi
771 871 1061 932 assisterent,
1085 871 1239 918 vicem
1270 870 1480 934 aliquam
1512 868 1576 916 ad
1597 868 1778 934 aliquid
1798 869 1870 916 di-

449 953 657 1001 cendum
677 953 852 1002 sineret
867 952 1112 1018 impertiri.
1140 950 1278 1000 Unde
1293 967 1323 1000 a
1339 951 1551 1015 quodam
1567 951 1679 998 satis
1698 951 1869 1015 insigni

449 1033 552 1079 viro
575 1031 635 1079 de
651 1047 729 1091 eo,
752 1030 950 1078 minime
971 1047 1000 1078 a
1022 1046 1137 1078 vero
1161 1030 1387 1092 alienum,
1411 1027 1671 1094 aliquando
1686 1028 1869 1077 dictum

448 1118 541 1168 est,
571 1127 594 1153 «
618 1124 647 1155 a
674 1123 838 1167 mane,
869 1123 967 1172 quo
989 1123 1018 1158 a
1039 1123 1211 1155 somno
1244 1116 1477 1171 surgeret,
1514 1123 1571 1154 os
1600 1107 1644 1153 ei
1673 1106 1870 1153 minime

448 1187 630 1248 claudi,
652 1196 700 1233 et
716 1186 929 1249 linguam
944 1185 1179 1250 loquendi
1193 1202 1293 1233 non
1310 1201 1491 1233 cessare
1508 1182 1691 1246 officio,
1713 1183 1872 1232 donec

448 1267 646 1324 iterum,
672 1279 781 1312 sera·
794 1273 937 1312 nocte
958 1263 1210 1325 redeunte,
1239 1264 1394 1329 capite
1417 1263 1480 1311 ad
1513 1261 1715 1311 cervical
1734 1277 1871 1327 repo-

447 1343 565 1404 sito,
602 1358 800 1390 somnus
832 1341 922 1390 sibi
942 1341 1174 1406 loquendi
1196 1341 1343 1389 finem
1384 1342 1668 1406 imponeret.
1698 1359 1722 1383 n
1762 1341 1870 1397 Qua

447 1420 633 1468 ratione
662 1430 788 1467 recte
817 1419 970 1467 fatuus
1003 1419 1173 1484 aliquis
1205 1420 1377 1468 merito
1399 1419 1494 1466 dici
1517 1418 1637 1466 solet
1652 1455 1665 1479 ,
1693 1415 1757 1466 ab
1780 1417 1870 1464 im·

448 1497 696 1544 moderata
722 1496 900 1544 scilicet
924 1505 974 1543 et
996 1496 1250 1544 indiscreta
1279 1495 1511 1543 effusione
1534 1505 1677 1560 atque
1705 1494 1871 1557 loqua-

446 1574 603 1622 citate.
994 1613 1002 1618 .

512 1651 606 1699 Sed
626 1667 687 1698 ne
710 1652 760 1698 in
781 1650 884 1698 solo
903 1664 1123 1697 sermone
1147 1659 1195 1697 et
1214 1650 1498 1698 verbositate
1518 1650 1607 1696 viri
1625 1649 1869 1697 stultitiam

446 1745 586 1795 posse
607 1729 907 1776 manifestare
929 1727 1200 1789 videamur,
1228 1729 1371 1776 etiam
1394 1728 1628 1776 nonnulla
1654 1727 1870 1794 exempla

446 1821 574 1870 quae,
607 1815 769 1853 utrum
796 1805 1005 1852 hominis
1029 1804 1309 1870 sapientiam
1345 1815 1427 1854 aut
1448 1806 1750 1871 prudentiam
1784 1820 1888 1870 po-.

446 1884 540 1932 tius
577 1899 724 1949 quam
759 1883 1003 1930 stultitiam
1031 1882 1325 1930 irridendam
1366 1883 1688 1948 praetendant,
1716 1882 1870 1946 legen·

447 1962 568 2009 tium
592 1977 804 2009 censurae
821 1970 963 2025 atque
979 1959 1163 2024 judicio
1179 1961 1504 2025 relinquimus.

515 2043 621 2087 Non
654 2040 911 2087 reseremus
942 2037 1293 2104 expeditionem
1325 2055 1471 2103 quam
1499 2039 1724 2087 adversus
1754 2041 1870 2086 Leo-

449 2117 583 2164 dium
611 2117 848 2165 civitatem
880 2126 928 2163 et
957 2116 1265 2177 Leodienses,
1309 2133 1431 2180 quos
1459 2117 1510 2163 in
1542 2132 1674 2164 arma
1702 2125 1869 2164 contra

448 2195 696 2254 Carolum,
752 2193 926 2241 ducem
978 2194 1374 2257 Burgundionum
1410 2195 1595 2259 inclytae
1650 2194 1870 2242 recorda-

448 2273 608 2330 tionis,
632 2272 968 2332 concitaverat,
988 2288 1099 2318 cum
1119 2270 1290 2319 eodem
1306 2272 1478 2319 Carolo
1495 2271 1617 2319 duce
1635 2273 1839 2337 suscepit
1850 2307 1864 2332 ,

451 2349 535 2397 ubi
558 2365 749 2396 crucem
770 2349 919 2396 sancti
937 2348 1132 2396 Andreae
1146 2385 1158 2409 ,
1190 2358 1419 2412 tanquam
1447 2349 1629 2397 satelles
1655 2351 1868 2414 Burgun-

451 2428 557 2487 dus,
573 2444 715 2492 super
731 2437 912 2474 vestem
927 2427 1150 2491 portavit,
1173 2436 1222 2474 et
1239 2428 1334 2474 vive
1348 2429 1642 2493 Bourgoigne
1654 2426 1672 2474 Ι
1685 2429 1870 2492 magnis

451 2503 631 2552 viribus
649 2503 926 2551 acclamavit
939 2505 976 2563 ¹3
1003 2518 1092 2551 nec
1109 2503 1319 2551 edictum
1332 2503 1391 2551 de
1409 2504 1864 2564 canibusomnibus,

451 2599 538 2649 per
554 2581 816 2629 Galliarum
843 2580 1008 2642 urbes,
1035 2581 1085 2628 in
1114 2581 1275 2630 locum
1310 2599 1462 2630 unum
1489 2600 1653 2632 coram
1680 2600 1709 2632 a
1733 2600 1783 2632 se
1805 2582 1871 2633 ad

451 2661 547 2707 hoc
592 2658 855 2706 commissis
890 2657 1118 2721 cogendis
1156 2667 1203 2706 et
1236 2658 1553 2720 adducendis,
1594 2660 1683 2708 sub
1725 2677 1868 2726 poena

504 2767 545 2804 1.
577 2766 648 2803 Ms.
669 2765 890 2802 desertione.

507 2831 544 2866 2.
577 2829 674 2880 Voy.
698 2834 726 2864 t.
747 2828 800 2874 11,
821 2839 862 2878 p.
886 2827 965 2865 203
984 2833 1022 2864 et
1039 2827 1134 2867 209.
