2060 3392
699 304 847 366 umgn
886 303 1088 342 SEXTUS.
1549 303 1599 339 15

249 397 329 446 nis
364 396 506 460 igitur
541 395 697 459 capite
736 392 883 458 plexis
899 428 912 453 ‚
954 389 1284 455 hujuscemodi
1326 390 1432 437 vitae
1460 390 1601 454 hujus

184 473 459 540 temporalis
478 488 536 520 ac
558 470 837 520 transitoriae
862 467 971 516 finis
995 467 1096 516 fuit.

681 661 852 708 CAPIT
857 659 1024 706 ULUM
1055 659 1115 705 V.

186 790 241 825 n·
254 788 347 825 due·
361 787 534 832 etheaei,
552 785 641 833 quid
656 784 822 821 Gandavi
808 792 983 832 133313η
1011 793 1047 820 et
1068 784 1114 820 de
1133 784 1307 832 legatione
1322 784 1414 832 regis
1432 783 1480 820 ad
1499 784 1603 832 prin·

203 845 413 894 cipis-am,
431 852 466 880 et
478 843 546 879 3113
560 842 736 891 legatione
750 841 856 877 missa
873 840 992 876 denuo
1012 853 1056 876 ex
1072 850 1172 888 parte
1182 840 1398 889 principissa
1410 849 1444 876 et
1460 852 1606 876 suorum

234 900 283 938 ad
300 913 435 950 regem.

254 1027 349 1076 Sed
384 1042 475 1074 nec
514 1034 768 1091 propterea
806 1031 1049 1071 cessarunt
1090 1022 1344 1071 seditiones
1380 1033 1427 1071 et
1458 1022 1609 1072 turbae

190 1103 321 1171 apud
352 1103 651 1163 GandenseS,
683 1117 851 1149 verum
887 1100 1148 1148 nonnullos
1187 1117 1246 1148 ex
1277 1101 1610 1166 praestantiori-

189 1182 284 1231 bus
299 1181 485 1235 civibus
510 1181 607 1229 suis
635 1195 823 1228 carcere
843 1179 1069 1241 reclusos,
1091 1179 1222 1226 velut
1239 1178 1611 1243 repetundarum

190 1277 318 1323 reos,
337 1261 492 1326 capite
510 1259 656 1307 etiam
671 1259 970 1324 punierunt¹.
994 1259 1091 1304 Nec
1113 1257 1248 1305 facile
1264 1257 1431 1323 oppidi
1451 1267 1612 1323 portas

193 1337 382 1403 egredi,
423 1354 510 1404 per
548 1337 709 1402 plures
748 1335 849 1383 dies
864 1372 877 1397 ,
922 1335 1149 1399 cuiquam
1185 1334 1360 1382 licebat
1375 1372 1388 1397 ,
1434 1334 1612 1400 absque

193 1416 387 1466 licentia
405 1424 596 1464 armatae
615 1413 769 1480 plebis
786 1451 800 1475 ‚
828 1429 934 1478 quae
961 1412 1120 1460 forum
1144 1410 1430 1460 observabat
1449 1421 1497 1460 et
1518 1412 1613 1459 illic

194 1492 478 1542 excubabat.
507 1491 647 1540 Unde
674 1508 787 1539 cum
805 1528 818 1553 ,
845 1490 1058 1555 quodam
1083 1489 1161 1537 die
1175 1490 1466 1555 ‚episcopus
1496 1493 1613 1537 Leo-

196 1569 398 1631 diensis,
431 1570 515 1634 qui
536 1568 799 1617 avunculus
820 1577 921 1615 erat
941 1567 1268 1633 principissae,
1290 1565 1351 1614 ad
1380 1583 1466 1615 sua
1486 1566 1614 1614 redi·

196 1657 331 1696 turus
353 1657 517 1714 portas
537 1648 664 1695 exire
700 1645 1002 1707 tentavisset,
1035 1654 1203 1708 negata
1226 1643 1316 1691 sibi
1341 1642 1614 1707 egrediendi

192 1723 437 1786 multam,
459 1723 522 1772 ad
536 1723 799 1789 hospitium
821 1738 962 1769 suum
977 1722 1148 1769 reverti
1170 1720 1443 1808 compulsus
1459 1731 1545 1768 est.

228 1803 376 1852 ‘Erat
393 1812 442 1850 et
460 1802 588 1850 illic·
575 1818 626 1848 ln
649 1799 832 1866 oppido
849 1799 946 1847 dux
967 1800 1211 1861 Clivensis,
1230 1800 1313 1864 qui
1328 1799 1616 1864 principissae

199 1889 528 1940 materteram,
555 1865 692 1926 ducis
713 1876 943 1924 Borbonii
973 1887 1022 1925 et
1044 1877 1159 1924 dicti
1193 1876 1467 1924 Leodiensis
1498 1876 1618 1942 [epi-

202 1957 353 2025 scopi]
375 1958 571 2006 alteram
589 1972 830 2017 sororem,
856 1957 907 2003 in
935 1956 1161 2020 conjugio
1187 1955 1466 2004 habuerat.
1435 1958 1451 1982 ⁸
1490 1958 1614 2018 Qui,

257 2126 275 2162 1
286 2152 296 2162 .
325 2122 507 2162 L’auteur
521 2129 613 2160 veut
634 2121 761 2173 parler
778 2120 846 2159 des
859 2119 1014 2159 anciens
1032 2120 1223 2160 membres
1241 2121 1344 2160 dela
1362 2121 1478 2161 loide
1490 2123 1617 2171 (rand,

203 2185 271 2238 qui
289 2185 442 2224 avaient
462 2183 591 2222 donne
610 2183 666 2222 les
696 2184 819 2222 mains
837 2185 859 2221 3
878 2183 915 2221 13
943 2183 1114 2222 1133311011
1136 2183 1188 2222 du
1213 2183 1379 2236 pouvoir
1405 2180 1518 2224 ducal
1541 2185 1621 2224 lors

204 2247 254 2288 de
279 2247 538 2287 l'avenement
560 2246 608 2285 de
635 2246 791 2285 charles
823 2245 860 2284 le
884 2245 1114 2284 Temeraire.
1146 2246 1199 2284 Ils
1221 2246 1351 2286 furent
1371 2248 1549 2286 executes
1571 2260 1621 2286 au

204 2309 367 2349 nombre
396 2309 446 2349 de
473 2309 531 2347 six
545 2339 556 2357 ,
590 2309 684 2347 mais
713 2308 1035 2347 anterieurement
1068 2321 1120 2347 au
1148 2308 1320 2360 supplice
1358 2308 1411 2348 du
1447 2310 1623 2363 seigneur

205 2371 531 2412 d’numbercourt
549 2380 586 2410 et
604 2371 652 2410 de
671 2371 888 2410 Guillaume
905 2374 1098 2423 Hugonet.

259 2436 301 2474 2.
327 2434 444 2473 nouis
461 2433 510 2472 de
527 2433 730 2481 Bourb0n‚
751 2434 900 2484 eveque
919 2433 967 2471 de
984 2433 1120 2485 Liiege,
1140 2432 1231 2471 etait
1247 2432 1285 2470 le
1305 2432 1406 2471 frere
1422 2432 1624 2471 d'Isabelle

181 2516 189 2521 ·
208 2497 259 2538 de
273 2497 472 2548 nom-bon,
493 2499 598 2537 mere
615 2498 663 2537 de
679 2499 717 2536 13
734 2497 933 2536 duchesse.

264 2562 305 2601 3.
332 2562 449 2608 Joen,
468 2560 542 2599 duc
559 2560 608 2598 de
625 2560 759 2600 Cleves
772 2589 783 2607 ‚
802 2560 905 2598 avait
923 2559 1066 2612 epouse
1083 2572 1164 2597 11011
1183 2572 1252 2611 pas
1274 2572 1350 2598 une
1371 2559 1563 2612 princesse
1577 2560 1625 2597 de

209 2621 406 2670 nom-bon,
427 2623 521 2661 mais
540 2621 701 2661 Isabelle
718 2622 767 2660 de
786 2624 1035 2674 Bourgogne,
1054 2621 1131 2661 fille
1148 2621 1201 2659 du
1218 2621 1292 2660 duc
1310 2621 1359 2660 de
1380 2624 1539 2669 Nevers,
1556 2635 1626 2673 par

211 2685 448 2736 consequent
463 2685 622 2723 cousine
639 2698 691 2723 au
708 2684 902 2733 troisieme
919 2682 1036 2736 degre
1054 2684 1102 2722 de
1118 2681 1156 2722 13
1177 2683 1377 2724 duchesse.
1402 2687 1582 2724 L’auteur
1603 2698 1625 2722 a

212 2746 408 2785 confondu
430 2745 480 2785 ici
498 2746 536 2784 le
553 2745 629 2784 duc
647 2745 695 2784 de
717 2746 852 2784 Cleves
873 2758 967 2783 avec
994 2746 1030 2784 le
1051 2745 1126 2784 duc
1152 2745 1201 2784 de
1219 2746 1387 2784 Gueidre
1401 2777 1411 2796 ,
1438 2746 1503 2798 qui
1525 2746 1626 2784 avait

214 2809 356 2863 epouse
375 2807 576 2847 Catherine
596 2808 645 2847 de
663 2807 858 2847 Bourbon.
