2060 3392
463 326 540 363 302
1033 324 1286 361 APOLOGIA
1299 351 1310 368 ,

917 501 1258 548 CAPITULUM
1298 503 1421 548 XVI.

459 628 511 665 De
529 628 621 664 dolis
636 637 669 663 et
683 626 816 675 laqueis
831 627 936 662 nobis
954 626 1196 675 multipliciter
1215 627 1414 671 intentatis,
1438 639 1527 675 quos
1550 627 1744 676 effugiendi
1768 629 1879 678 gratia

594 692 597 693 ’
941 683 979 719 in
996 683 1211 721 sabaudiam
1225 685 1399 722 venimus.

521 806 845 854 Cer-tissimum
866 807 996 854 enim
1017 816 1065 854 et
1084 807 1455 855 luculentissime
1476 817 1776 873 compertum
1794 807 1879 856 ha-

454 885 647 932 buimus
679 884 740 933 ab
771 885 947 949 iniquis
980 893 1027 932 et
1060 885 1296 933 sceleratis
1322 884 1618 946 hominibus,
1653 886 1735 950 qui
1754 898 1878 950 'erga

454 979 612 1026 regem
645 973 749 1011 tum
783 963 1017 1010 creditum
1051 962 1297 1011 habebant
1326 972 1373 1010 et
1408 962 1593 1011 favores
1621 964 1874 1027 maximos,

453 1056 621 1087 omnes
647 1041 767 1088 vires
786 1049 834 1087 et
862 1049 1061 1087 conatus
1083 1038 1298 1105 impendi
1321 1038 1394 1103 (ut
1422 1056 1524 1086 non
1550 1040 1757 1088 deterius
1779 1057 1878 1090 sus-

451 1118 685 1182 picemur)
713 1134 811 1181 quo
830 1133 919 1165 nos
936 1118 987 1164 in
1011 1117 1102 1169 illis
1124 1117 1289 1165 calidis
1310 1117 1587 1180 regionibus
1607 1119 1683 1166 vel
1704 1118 1876 1167 intole—

450 1195 672 1242 rabilium
694 1194 835 1243 nobis
874 1195 1090 1242 calorum
1120 1195 1510 1260 intemperantia,
1547 1196 1624 1243 vel
1652 1194 1875 1244 laborum

450 1271 722 1335 fatigatione
743 1289 827 1320 seu
848 1272 943 1320 alio
964 1273 1136 1337 quovis
1158 1271 1307 1320 modo
1337 1271 1630 1320 conficerent
1656 1283 1704 1320 et
1727 1273 1875 1322 vitam

448 1349 585 1397 finire
612 1350 855 1414 adigerent
868 1376 889 1410 ‚f
907 1350 970 1398 ad
999 1349 1147 1398 finem
1169 1349 1348 1398 scilicet
1379 1350 1511 1415 quod
1542 1350 1605 1398 ad
1627 1351 1874 1400 ecclesiam

446 1436 658 1474 nostram
688 1427 862 1475 talibus
890 1427 1287 1475 machinamentis
1313 1438 1510 1493 possent
1529 1428 1777 1493 pervenire
1790 1465 1803 1490 ‚
1827 1438 1876 1476 et

446 1503 542 1551 suis
568 1491 933 1569 improbissimis
964 1503 1106 1568 atque
1137 1505 1446 1568 iniquissimis
1467 1504 1807 1570 cupiditatibus
1827 1515 1874 1553 et

445 1581 790 1629 ambitionibus
811 1581 1093 1630 satisfacere.
1131 1585 1189 1629 Et
1207 1583 1361 1647 ipsam
1383 1582 1605 1646 quidem,
1641 1584 1875 1647 quemad-

443 1659 646 1707 modum
663 1675 692 1707 a
707 1659 820 1706 viris
836 1659 930 1706 fide
945 1659 1101 1723 dignis
1117 1661 1403 1725 accepimus,
1422 1661 1577 1721 initio,
1593 1662 1872 1726 priusquam

443 1736 834 1800 Andegavensem
872 1737 1141 1785 ecclesiam¹
1182 1747 1231 1784 et
1273 1737 1593 1786 cardinalatus
1636 1738 1871 1802 fastigium

443 1815 602 1863 fuisset
623 1825 878 1875 assecutus,
904 1815 1147 1864 ambiebat
1167 1826 1330 1864 noster
1355 1817 1520 1879 Halae,
1545 1826 1661 1864 tunc
1683 1817 1870 1883 episco-

441 1910 530 1958 pus
559 1893 765 1941 ecclesiae
797 1892 1115 1954 Ebroicensis‚
1151 1911 1210 1942 eo
1241 1895 1373 1960 quod
1407 1896 1653 1961 aliquanto
1684 1905 1733 1944 et
1755 1912 1869 1962 pro·

439 1970 661 2018 ventibus
680 1970 894 2032 uberior,
911 1981 958 2019 et
974 1972 1228 2037 temporali
1247 1972 1474 2036 dignitate
1491 1972 1701 2021 nobilior
1721 1988 1868 2038 quam

440 2066 525 2097 sua
550 2049 847 2098 Ebroicensis
870 2066 899 2098 a
923 2050 1140 2115 plurimis
1164 2050 1438 2110 duceretur3
1463 2050 1598 2115 cujus
1623 2051 1867 2116 explendoe

439 2144 533 2175 suae
555 2127 832 2176 ambitionis
851 2129 1015 2192 gratia,
1041 2145 1131 2176 nos
1147 2129 1358 2193 primum
1378 2129 1502 2176 mitti
1526 2128 1866 2194 Perpinianum

439 2206 537 2270 ipse
556 2216 892 2271 procurasset,
920 2223 1065 2270 quem
1098 2215 1199 2253 tum
1230 2223 1320 2272 pro
1346 2206 1510 2266 nobis,
1537 2206 1686 2271 ipsius
1718 2205 1864 2253 fidem

438 2284 609 2343 secuti,
643 2293 861 2331 nostrum
891 2283 1021 2349 apud
1054 2300 1215 2349 regem
1249 2284 1620 2338 interventorem
1650 2283 1864 2337 futurum

437 2378 818 2426 speraveramus,
846 2372 894 2409 et
914 2379 1004 2427 pro
1027 2378 1084 2410 ea
1111 2379 1162 2410 re
1185 2363 1295 2410 satis
1324 2362 1536 2410 honestis
1567 2362 1776 2409 enceniis
1796 2371 1863 2410 at-

437 2456 530 2504 que
552 2439 834 2487 muneribus
853 2439 1226 2500 donaveramus;
1248 2440 1332 2488 sed
1353 2440 1456 2488 talis
1479 2439 1738 2503 aliquando
1760 2456 1860 2488 esse

437 2516 557 2564 solet
588 2517 850 2564 multorum
883 2516 1002 2564 fides
1035 2526 1082 2564 et
1113 2517 1255 2565 ludus
1276 2517 1566 2580 aulicorum,
1592 2517 1653 2565 de
1683 2516 1860 2582 quibus

435 2594 546 2640 satis
563 2594 855 2658 pertinenter
876 2593 1079 2657 tragicus
1098 2594 1322 2642 cecinisse
1347 2594 1534 2642 videtur
1559 2613 1569 2641 :

581 2693 682 2736 Non
705 2692 834 2737 intrat
854 2710 1042 2753 unquam
1065 2694 1228 2754 regium
1251 2694 1380 2738 limen
1402 2695 1522 2739 fides.

487 2817 524 2853 1.
555 2814 815 2862 c'est-a-dire,
839 2823 954 2854 avant
972 2815 1007 2854 le
1026 2814 1123 2854 mois
1138 2815 1187 2854 de
1201 2815 1327 2864 juillet
1346 2819 1466 2858 1467.
