2060 3392
431 305 508 344 181.
794 303 1136 342 HISTORIARUM
1159 303 1395 342 LUDOVICI
1420 304 1478 341 XI

430 410 537 440 rum
555 391 771 457 judicum
804 401 886 439 aut
909 390 1186 454 quorumvis
1214 391 1416 438 aliorum
1451 406 1500 438 se
1531 390 1591 437 de
1623 390 1841 455 hujusce·

429 470 561 520 modi
596 470 795 534 negotiis
833 469 1204 516 intromitteret¹.
1246 469 1382 516 Unde
1415 469 1505 517 illis
1540 469 1844 533 iniquissimis

429 547 761 605 commissariis
791 546 933 594 ausus
963 545 1277 608 increscebat,
1315 562 1638 612 quascumque
1672 545 1844 594 voluis-

427 635 554 685 sent,
605 624 799 687 injurias
850 633 898 670 et
951 624 1141 689 rapinas
1191 623 1563 690 provincialibus
1614 616 1845 671 audenter

429 701 677 750 inserendi.

494 781 600 826 Haec
639 787 740 825 erat
773 777 982 841 magistri
1019 779 1069 826 in
1111 795 1344 844 pauperes
1375 780 1610 846 supplices
1636 780 1814 844 justitia
1827 818 1840 842 ,

427 873 573 922 quam
591 870 676 921 per
702 854 847 902 hosce
879 855 1008 902 velut
1037 855 1230 904 rabidos
1253 873 1394 904 canes
1421 857 1522 904 fieri
1544 857 1762 922 jubebat.
1789 861 1845 906 Et

427 934 527 981 haec
565 932 760 997 quidem
794 933 1022 995 generalis
1055 933 1325 981 reformatio
1357 933 1550 998 gabellae
1583 936 1691 983 salis
1724 935 1846 995 facta

429 1011 540 1072 fuit,
580 1027 638 1057 eo
672 1009 893 1074 jubente,
924 1026 1010 1075 per
1036 1009 1158 1058 duos
1188 1021 1270 1058 aut
1294 1021 1387 1058 tres
1417 1028 1569 1060 annos
1601 1012 1848 1060 dumtaxat

427 1098 682 1152 antequam
719 1088 818 1152 ipse
852 1097 1140 1150 moreretur,
1183 1105 1295 1136 cum
1331 1106 1429 1136 una
1465 1089 1671 1155 populus
1704 1090 1848 1137 totius

428 1167 587 1230 regni,
613 1182 702 1232 pro
721 1166 964 1214 immensis
987 1167 1292 1215 collectarum
1316 1167 1541 1215 oneribus
1559 1185 1588 1216 a
1612 1184 1661 1215 se
1683 1168 1850 1233 impo—

429 1243 549 1305 sitis,
594 1243 743 1305 fame,
779 1243 889 1292 tabe
926 1244 1161 1308 variisque
1191 1244 1372 1292 morbis
1398 1243 1576 1310 ubique
1605 1244 1849 1293 miserabi-

429 1321 535 1367 liter
556 1321 783 1368 interiret.

496 1399 589 1445 Sed
604 1398 729 1446 dicet
747 1398 904 1446 forsan
928 1400 1096 1463 aliquis
1121 1401 1252 1464 quod
1286 1401 1347 1449 ad
1373 1401 1626 1450 tutandum
1649 1418 1848 1465 regnum

432 1485 478 1522 et
511 1477 642 1538 regni
673 1475 844 1524 limites
877 1493 1067 1525 necesse
1099 1477 1189 1525 sibi
1220 1489 1321 1526 erat
1354 1480 1571 1527 militiam
1606 1479 1851 1544 copiosam

433 1562 616 1614 tenere,
657 1553 831 1618 quibus
859 1564 909 1600 ut
940 1554 1173 1619 stipendia
1197 1556 1389 1615 fierent,
1427 1557 1679 1623 oportebat
1699 1573 1852 1622 popu-

433 1629 533 1676 lum
574 1631 704 1694 regni
748 1640 819 1677 tot
864 1633 1098 1696 tantisque
1140 1634 1444 1681 collectarum
1479 1644 1526 1682 et
1563 1633 1849 1681 tributorum

434 1707 768 1756 collationibus
799 1711 1012 1771 onerari,
1044 1719 1090 1757 et
1119 1728 1205 1776 per
1222 1712 1316 1759 hoc
1335 1728 1492 1775 regem
1508 1713 1664 1777 ipsum
1683 1713 1852 1759 merito

435 1783 608 1832 debere
630 1787 859 1833 excusari.
886 1786 1102 1834 Habebat
1119 1789 1247 1835 enim
1265 1789 1437 1836 ducem
1460 1790 1652 1837 Austriae
1666 1789 1855 1836 hostem

435 1872 679 1926 potentem
717 1880 920 1928 suasque
957 1875 1104 1913 terras
1136 1866 1471 1914 Flandriarum
1504 1867 1671 1914 divites
1713 1877 1854 1932 atque

436 1941 724 2003 populosas;
772 1937 998 2005 praeterea
1040 1943 1296 2006 Anglorum
1349 1961 1509 2008 regem
1560 1961 1855 2009 regnumque

437 2016 583 2079 ipsius
611 2016 979 2065 infensissimum
1002 2010 1143 2084 atque
1175 2022 1625 2086 periculosissimum
1646 2022 1850 2070 hostem.

492 2172 531 2209 1.
563 2173 691 2210 L’acte
710 2171 759 2210 de
780 2181 879 2212 cette
897 2174 1064 2214 resorme
1079 2178 1177 2215 n'est
1195 2188 1264 2227 pas
1283 2175 1379 2214 dans
1397 2175 1434 2214 le
1446 2175 1600 2214 Recueil
1619 2174 1686 2213 des
1703 2174 1854 2214 Ordou-

437 2245 594 2270 nanceS.
619 2235 678 2272 On
697 2248 722 2284 y
737 2243 873 2273 trouve
892 2237 1106 2275 seulement
1121 2251 1173 2276 un
1196 2237 1275 2276 edit
1293 2237 1347 2276 du
1369 2239 1420 2275 20
1440 2228 1541 2275 mars
1561 2238 1664 2276 1479
1682 2236 1750 2288 qui
1766 2249 1857 2275 con-

439 2294 544 2332 tinue
577 2309 676 2346 pour
698 2296 757 2334 six
789 2310 856 2335 ans
877 2311 953 2336 une
978 2312 1069 2337 crue
1094 2300 1143 2338 de
1163 2308 1350 2351 quarante
1376 2312 1466 2337 sous
1486 2311 1557 2350 par
1576 2298 1682 2337 muid
1710 2298 1758 2336 de
1785 2298 1855 2348 sel,

437 2355 577 2395 etablie
597 2357 683 2405 deja
704 2358 840 2410 depuis
859 2360 919 2398 six
938 2373 1006 2398 ans
1028 2374 1094 2399 sur
1112 2361 1167 2399 les
1185 2361 1355 2414 greniers
1374 2362 1395 2398 Ξι
1412 2360 1465 2398 sel
1485 2360 1533 2398 de
1553 2359 1646 2410 deoa
1663 2360 1700 2398 la
1719 2359 1859 2400 riviere

439 2417 488 2456 de
507 2417 619 2457 Seine
634 2450 644 2467 ,
666 2419 702 2457 le
721 2433 815 2471 pays
836 2421 884 2460 de
902 2422 1136 2461 Normandie
1155 2423 1328 2474 excepte.
1354 2422 1384 2460 Il
1404 2435 1430 2473 y
1446 2435 1469 2460 a
1489 2435 1629 2460 encore
1647 2435 1699 2459 un
1715 2422 1857 2461 affran-

438 2480 670 2519 chissement
685 2482 848 2521 aecor-de'
867 2483 904 2522 le
924 2487 947 2521 5
966 2483 1179 2523 novembre
1199 2486 1304 2522 1483
1323 2497 1391 2535 par
1409 2483 1564 2522 Charles
1583 2487 1673 2523 VIII
1694 2497 1770 2523 aux
1788 2485 1858 2524 ha-

437 2543 582 2581 bitants
606 2543 659 2580 du
686 2543 809 2582 duche'
831 2545 880 2583 de
897 2548 1126 2597 Bourgogne
1146 2554 1184 2584 et
1206 2546 1257 2584 du
1283 2547 1407 2584 comte
1430 2546 1478 2584 de
1499 2547 1695 2585 Charolais
1720 2563 1740 2582 c
1763 2561 1860 2599 pour

437 2617 482 2643 ce
501 2618 577 2656 que
604 2603 684 2642 l'on
710 2606 815 2644 avoit
843 2607 913 2645 mis
938 2608 1106 2647 certaine
1125 2621 1286 2647 accreue
1305 2622 1372 2646 sur
1390 2608 1426 2647 le
1451 2608 1506 2647 sel
1527 2609 1594 2660 qui
1615 2622 1655 2647 se
1674 2609 1861 2649 distribue

437 2666 555 2704 esditz
580 2680 696 2719 pays,
719 2681 769 2706 au
793 2670 951 2720 prouffit
975 2670 1196 2722 particulier
1222 2670 1289 2709 des
1316 2670 1519 2709 marchans
1547 2671 1781 2711 fournissans
1804 2672 1860 2711 les

437 2729 610 2781 greniers
632 2732 654 2768 a
675 2731 744 2772 sel.
772 2748 789 2765 »ι
818 2731 972 2771 Recueit
987 2736 1053 2771 des
1083 2735 1268 2782 Ordonn.,
1296 2741 1324 2774 t.
1359 2735 1472 2782 XVI,
1504 2747 1542 2785 p.
1573 2736 1649 2773 457
1673 2743 1711 2772 et
1731 2736 1828 2773 XIX
1845 2762 1857 2781 ‚

435 2803 477 2841 p.
512 2792 606 2833 168.
