2060 3392
422 306 497 344 366
978 300 1227 337 APOLOGIA
1240 326 1250 343 ‚

907 496 1247 545 CAPITULUM
1280 496 1361 542 lv.

856 630 1020 669 Secunda
1034 630 1126 668 ratio
1143 630 1411 669 consolationis.

487 770 608 817 Huic
625 784 741 817 vero
760 769 925 834 primae
946 767 1119 834 speciei
1140 766 1481 815 consolationis
1502 766 1712 815 secunda
1730 783 1845 814 con-

422 849 644 908 nectitur,
674 846 895 894 videlicet
913 845 1044 911 quod
1057 881 1070 904 ‚
1096 845 1184 892 Dei
1205 844 1488 911 providente
1508 843 1570 892 de
1590 843 1733 892 nobis
1758 845 1845 892 mi-

423 926 696 987 sericordia,
713 925 774 973 de
788 925 1039 990 tyrannica
1053 923 1384 971 dominatione
1399 932 1447 970 et
1457 923 1587 986 gravi
1603 923 1841 986 servitute,

422 1015 652 1069 tanquam
673 1003 734 1052 de
753 1006 958 1069 AEgypto
980 1002 1057 1050 vel
1087 1002 1147 1049 de
1171 1004 1238 1048 Ur
1258 1001 1593 1049 Chaldaeorum
1614 1011 1662 1049 et
1683 1002 1845 1050 medio

425 1080 680 1146 Babylonis
693 1117 707 1141 ‚
735 1081 787 1127 in
819 1079 992 1128 Christi
1026 1077 1293 1127 libertatem
1329 1079 1487 1126 vocati
1525 1095 1609 1127 seu
1647 1080 1847 1128 restituti

423 1176 603 1206 sumus.

490 1237 637 1299 Olim,
658 1244 714 1283 ut
731 1237 884 1283 Caesar
903 1235 954 1282 in
972 1236 1047 1282 VI.
1069 1234 1535 1282 Commentariorum
1559 1233 1673 1282 belli
1695 1235 1849 1300 gallici

425 1314 604 1374 scribit,
649 1314 700 1361 in
737 1313 891 1361 Gallia
927 1312 1058 1360 fuere
1093 1312 1192 1360 duo
1235 1329 1409 1376 genera
1447 1312 1729 1375 hominum,
1767 1313 1850 1377 qui

425 1393 588 1457 aliquo
619 1402 756 1440 erant
784 1408 987 1438 numero
1017 1401 1066 1438 et
1093 1390 1306 1453 honore,
1341 1391 1518 1439 scilicet
1550 1390 1778 1463 druidum
1804 1400 1851 1438 et

426 1471 668 1535 equitum3
695 1479 862 1517 caetera
879 1485 994 1517 vero
1008 1468 1146 1534 plebs
1165 1469 1275 1517 loco
1297 1486 1545 1517 servorum
1561 1469 1846 1518 habebatur.

428 1550 487 1595 Et
506 1546 814 1614 potiebantur
836 1556 954 1594 tunc
978 1546 1196 1606 druides,
1222 1546 1306 1611 qui
1335 1547 1461 1594 illius
1487 1547 1717 1612 temporis
1743 1546 1853 1594 reli-

429 1625 560 1689 gioni
598 1623 931 1688 sacrificiisque
976 1623 1239 1686 vacabant,
1283 1624 1503 1672 maximis
1555 1623 1849 1688 honoribus,

428 1700 810 1750 immunitatibus
832 1709 975 1763 atque
995 1698 1312 1762 libertatibus,
1334 1700 1509 1765 quibus
1532 1701 1676 1749 etiam
1706 1701 1854 1750 chris·

429 1780 568 1827 tianae
592 1779 834 1842 religionis
856 1776 1158 1842 temporibus
1179 1795 1293 1842 gens
1315 1779 1620 1827 sacerdotalis
1642 1780 1856 1828 similiter

430 1857 482 1904 in
513 1858 667 1906 Gallia
699 1857 815 1903 olim
855 1856 1008 1921 potita
1044 1859 1152 1918 θεῖ’,
1188 1856 1300 1904 licet
1330 1857 1590 1920 aliquando
1618 1857 1745 1923 plus,
1769 1858 1854 1906 ali·

431 1935 629 1999 quando
650 1934 826 1982 minus.
849 1932 1004 1980 Hodie
1025 1950 1142 1982 vero
1156 1951 1282 1982 unus
1299 1936 1383 1998 qui
1398 1934 1494 1982 illic
1515 1935 1733 2000 imperat,
1755 1951 1856 1983 non

432 2013 590 2060 solum
612 2011 806 2078 plebem
831 2028 1027 2059 omnem
1040 2047 1053 2071 ,
1080 2011 1164 2060 sed
1195 2022 1241 2060 et
1270 2014 1451 2061 clerum
1471 2023 1614 2078 atque
1636 2014 1857 2063 sacerdo·

432 2091 554 2138 tium
574 2090 765 2138 servitio
782 2089 980 2152 addixit,
1009 2090 1142 2136 omni
1159 2107 1353 2155 prorsus
1375 2090 1592 2139 libertate
1615 2092 1854 2158 adempta,

434 2185 524 2216 nec
557 2168 712 2216 solum
751 2162 923 2231 quoad
957 2166 1270 2216 conferendas
1301 2170 1529 2234 pecunias
1557 2180 1639 2218 aut
1672 2169 1859 2218 servan

436 2246 678 2294 saecularia
702 2245 1016 2311 imponenda,
1052 2262 1219 2293 verum
1249 2247 1393 2296 etiam
1419 2248 1580 2312 quoad
1615 2264 1858 2296 sacrorum

436 2322 814 2389 dispositionem,
840 2322 1148 2388 praelatosque
1168 2341 1259 2390 pro
1283 2335 1403 2374 nutu
1421 2325 1735 2373 instituendos
1755 2323 1862 2372 ubi-
1888 2363 1890 2365 .

437 2399 555 2448 libet
575 2410 716 2465 atque
739 2401 917 2466 pariter
939 2399 1282 2463 destituendOS‚
1305 2402 1491 2451 sublata
1509 2403 1692 2450 cunctis
1711 2402 1860 2450 eccle·

440 2480 518 2528 siis
551 2479 830 2544 generaliter
861 2478 1080 2527 libertate
1113 2479 1204 2527 sibi
1237 2490 1448 2546 pastores
1479 2480 1701 2545 eligendi,
1729 2472 1863 2529 caete·

497 2614 536 2652 1.
565 2610 730 2649 Thomas
757 2609 874 2648 Basin
893 2609 992 2648 n’est
1010 2623 1080 2663 pas
1107 2610 1144 2648 le
1167 2610 1338 2663 premier
1359 2610 1427 2662 qui
1444 2611 1497 2649 ait
1514 2611 1582 2650 fait
1603 2620 1701 2651 cette
1717 2611 1864 2650 assimi-

442 2676 561 2715 lation
581 2676 650 2715 des
673 2674 829 2714 druides
849 2687 945 2714 avec
970 2675 1007 2714 le
1031 2675 1160 2728 clergie
1188 2675 1241 2714 du
1263 2689 1404 2727 moyen
1434 2678 1519 2730 age.
1549 2677 1632 2716 Elle
1658 2690 1700 2716 se
1723 2686 1862 2716 trouve

442 2740 529 2789 deja
547 2739 643 2778 dans
657 2739 695 2777 le
712 2737 994 2777 commentaire
1013 2738 1061 2778 de
1077 2738 1201 2777 Raoul
1221 2737 1270 2778 de
1288 2739 1436 2778 Presles
1450 2753 1518 2778 sur
1536 2740 1573 2779 la
1585 2740 1667 2779 Cite
1684 2739 1733 2779 de
1744 2739 1859 2789 Dieu,

442 2803 469 2843 l.
494 2805 542 2854 V,
562 2802 674 2855 chap.
694 2814 785 2842 xxv·
