<?xml version="1.0" encoding="UTF-8"?>
<!DOCTYPE html PUBLIC "-//W3C//DTD XHTML 1.0 Transitional//EN"
    "http://www.w3.org/TR/xhtml1/DTD/xhtml1-transitional.dtd">
<html xmlns="http://www.w3.org/1999/xhtml" xml:lang="en" lang="en">
 <head>
  <title>
</title>
<meta http-equiv="Content-Type" content="text/html;charset=utf-8" />
  <meta name='ocr-system' content='tesseract 3.04.00' />
  <meta name='ocr-capabilities' content='ocr_page ocr_carea ocr_par ocr_line ocrx_word'/>
</head>
<body>
  <div class='ocr_page' id='page_1' title='image "./histoiredesrgn03basiuoft_0082.png"; bbox 0 0 2060 3392; ppageno 0'>
   <div class='ocr_carea' id='block_1_1' title="bbox 462 275 1527 316">
    <p class='ocr_par' dir='ltr' id='par_1_1' title="bbox 462 275 1527 316">
     <span class='ocr_line' id='line_1_1' title="bbox 462 275 1527 316; baseline 0.003 -5"><span class='ocrx_word' id='word_1_1' title='bbox 462 275 510 312; x_wconf 73' lang='lat'><strong>32</strong></span> <span class='ocrx_word' id='word_1_2' title='bbox 817 276 1159 314; x_wconf 75' lang='lat' dir='ltr'><strong>HISTORIARUM</strong></span> <span class='ocrx_word' id='word_1_3' title='bbox 1188 276 1444 316; x_wconf 86' lang='lat' dir='ltr'>LUDOVICII</span> <span class='ocrx_word' id='word_1_4' title='bbox 1470 277 1527 314; x_wconf 86' lang='lat' dir='ltr'><strong>XI</strong></span> 
     </span>
    </p>
   </div>
   <div class='ocr_carea' id='block_1_2' title="bbox 432 363 1873 2680">
    <p class='ocr_par' dir='ltr' id='par_1_2' title="bbox 446 363 1873 1200">
     <span class='ocr_line' id='line_1_2' title="bbox 523 363 1873 432; baseline 0.002 -21"><span class='ocrx_word' id='word_1_5' title='bbox 523 366 720 429; x_wconf 83' lang='lat' dir='ltr'><strong>Ingressi</strong></span> <span class='ocrx_word' id='word_1_6' title='bbox 738 382 870 427; x_wconf 84' lang='lat' dir='ltr'><strong>vero,</strong></span> <span class='ocrx_word' id='word_1_7' title='bbox 894 363 1074 430; x_wconf 92' lang='lat' dir='ltr'><strong>oppido</strong></span> <span class='ocrx_word' id='word_1_8' title='bbox 1094 374 1381 429; x_wconf 88' lang='lat' dir='ltr'><strong>expugnato,</strong></span> <span class='ocrx_word' id='word_1_9' title='bbox 1402 365 1587 426; x_wconf 88' lang='lat' dir='ltr'><strong>Franci,</strong></span> <span class='ocrx_word' id='word_1_10' title='bbox 1607 365 1873 432; x_wconf 84' lang='lat' dir='ltr'><strong>direptione</strong></span> 
     </span>
     <span class='ocr_line' id='line_1_3' title="bbox 458 440 1873 508; baseline 0.001 -18"><span class='ocrx_word' id='word_1_11' title='bbox 458 442 579 490; x_wconf 86' lang='lat' dir='ltr'><strong>facta</strong></span> <span class='ocrx_word' id='word_1_12' title='bbox 610 453 656 490; x_wconf 89' lang='lat' dir='ltr'><strong>et</strong></span> <span class='ocrx_word' id='word_1_13' title='bbox 689 459 793 507; x_wconf 87' lang='lat' dir='ltr'><strong>quae</strong></span> <span class='ocrx_word' id='word_1_14' title='bbox 829 441 930 488; x_wconf 91' lang='lat' dir='ltr'><strong>tolli</strong></span> <span class='ocrx_word' id='word_1_15' title='bbox 961 449 1222 505; x_wconf 87' lang='lat' dir='ltr'><strong>potuerunt</strong></span> <span class='ocrx_word' id='word_1_16' title='bbox 1260 440 1446 504; x_wconf 90' lang='lat' dir='ltr'><strong>ablatis,</strong></span> <span class='ocrx_word' id='word_1_17' title='bbox 1485 442 1698 508; x_wconf 88' lang='lat' dir='ltr'><strong>captivos</strong></span> <span class='ocrx_word' id='word_1_18' title='bbox 1720 442 1873 492; x_wconf 89' lang='lat' dir='ltr'><strong>abdu-</strong></span> 
     </span>
     <span class='ocr_line' id='line_1_4' title="bbox 457 517 1872 586; baseline 0.001 -19"><span class='ocrx_word' id='word_1_19' title='bbox 457 530 632 582; x_wconf 83' lang='lat' dir='ltr'>centes,</span> <span class='ocrx_word' id='word_1_20' title='bbox 657 536 777 584; x_wconf 90' lang='lat' dir='ltr'><strong>quos</strong></span> <span class='ocrx_word' id='word_1_21' title='bbox 813 518 978 579; x_wconf 85' lang='lat' dir='ltr'><strong>caedes,</strong></span> <span class='ocrx_word' id='word_1_22' title='bbox 1005 517 1122 564; x_wconf 91' lang='lat' dir='ltr'><strong>dum</strong></span> <span class='ocrx_word' id='word_1_23' title='bbox 1144 517 1275 566; x_wconf 82' lang='lat' dir='ltr'><strong>fieret</strong></span> <span class='ocrx_word' id='word_1_24' title='bbox 1291 556 1304 580; x_wconf 96' lang='lat'><strong>,</strong></span> <span class='ocrx_word' id='word_1_25' title='bbox 1337 519 1534 567; x_wconf 89' lang='lat' dir='ltr'><strong>minime</strong></span> <span class='ocrx_word' id='word_1_26' title='bbox 1557 519 1872 586; x_wconf 90' lang='lat' dir='ltr'><strong>comprehen-</strong></span> 
     </span>
     <span class='ocr_line' id='line_1_5' title="bbox 455 595 1872 662; baseline 0.001 -17"><span class='ocrx_word' id='word_1_27' title='bbox 455 597 613 658; x_wconf 85' lang='lat' dir='ltr'>derat,</span> <span class='ocrx_word' id='word_1_28' title='bbox 640 598 794 662; x_wconf 90' lang='lat' dir='ltr'><strong>ipsum</strong></span> <span class='ocrx_word' id='word_1_29' title='bbox 827 595 1061 661; x_wconf 89' lang='lat' dir='ltr'><strong>oppidum</strong></span> <span class='ocrx_word' id='word_1_30' title='bbox 1084 595 1308 643; x_wconf 89' lang='lat' dir='ltr'><strong>incendio</strong></span> <span class='ocrx_word' id='word_1_31' title='bbox 1334 596 1585 644; x_wconf 87' lang='lat' dir='ltr'><strong>dederunt.</strong></span> <span class='ocrx_word' id='word_1_32' title='bbox 1615 596 1872 646; x_wconf 85' lang='lat' dir='ltr'><strong>Ferebatur</strong></span> 
     </span>
     <span class='ocr_line' id='line_1_6' title="bbox 453 672 1864 741; baseline 0.001 -19"><span class='ocrx_word' id='word_1_33' title='bbox 453 675 580 722; x_wconf 89' lang='lat' dir='ltr'><strong>enim</strong></span> <span class='ocrx_word' id='word_1_34' title='bbox 605 674 664 721; x_wconf 89' lang='lat' dir='ltr'><strong>de</strong></span> <span class='ocrx_word' id='word_1_35' title='bbox 695 674 806 738; x_wconf 92' lang='lat' dir='ltr'><strong>ipsis</strong></span> <span class='ocrx_word' id='word_1_36' title='bbox 839 673 993 736; x_wconf 82' lang='lat' dir='ltr'><strong>regiiS,</strong></span> <span class='ocrx_word' id='word_1_37' title='bbox 1023 672 1139 720; x_wconf 89' lang='lat' dir='ltr'><strong>dum</strong></span> <span class='ocrx_word' id='word_1_38' title='bbox 1164 673 1397 738; x_wconf 90' lang='lat' dir='ltr'><strong>oppidum</strong></span> <span class='ocrx_word' id='word_1_39' title='bbox 1423 686 1772 741; x_wconf 86' lang='lat' dir='ltr'><strong>expugnarent,</strong></span> <span class='ocrx_word' id='word_1_40' title='bbox 1795 686 1864 738; x_wconf 91' lang='lat' dir='ltr'><strong>et,</strong></span> 
     </span>
     <span class='ocr_line' id='line_1_7' title="bbox 452 750 1863 819; baseline 0.003 -21"><span class='ocrx_word' id='word_1_41' title='bbox 452 762 504 799; x_wconf 90' lang='lat' dir='ltr'><strong>ut</strong></span> <span class='ocrx_word' id='word_1_42' title='bbox 523 768 608 817; x_wconf 84' lang='lat' dir='ltr'><strong>per</strong></span> <span class='ocrx_word' id='word_1_43' title='bbox 624 751 800 799; x_wconf 86' lang='lat' dir='ltr'><strong>moenia</strong></span> <span class='ocrx_word' id='word_1_44' title='bbox 821 750 1220 813; x_wconf 85' lang='lat' dir='ltr'><strong>conscenderent,</strong></span> <span class='ocrx_word' id='word_1_45' title='bbox 1238 751 1362 800; x_wconf 89' lang='lat' dir='ltr'><strong>intra</strong></span> <span class='ocrx_word' id='word_1_46' title='bbox 1381 753 1559 801; x_wconf 86' lang='lat' dir='ltr'><strong>vallum</strong></span> <span class='ocrx_word' id='word_1_47' title='bbox 1568 771 1617 801; x_wconf 91' lang='lat' dir='ltr'><strong>se</strong></span> <span class='ocrx_word' id='word_1_48' title='bbox 1625 754 1863 819; x_wconf 71' lang='lat' dir='ltr'><strong>jecissent,</strong></span> 
     </span>
     <span class='ocr_line' id='line_1_8' title="bbox 451 828 1867 898; baseline 0.003 -21"><span class='ocrx_word' id='word_1_49' title='bbox 451 830 681 894; x_wconf 87' lang='lat' dir='ltr'><strong>plurimos</strong></span> <span class='ocrx_word' id='word_1_50' title='bbox 704 829 766 877; x_wconf 88' lang='lat' dir='ltr'><strong>ab</strong></span> <span class='ocrx_word' id='word_1_51' title='bbox 790 828 881 890; x_wconf 91' lang='lat' dir='ltr'><strong>his,</strong></span> <span class='ocrx_word' id='word_1_52' title='bbox 911 829 994 893; x_wconf 92' lang='lat' dir='ltr'><strong>qui</strong></span> <span class='ocrx_word' id='word_1_53' title='bbox 1022 845 1213 876; x_wconf 88' lang='lat' dir='ltr'><strong>murum</strong></span> <span class='ocrx_word' id='word_1_54' title='bbox 1245 830 1581 894; x_wconf 88' lang='lat' dir='ltr'><strong>defendebant,</strong></span> <span class='ocrx_word' id='word_1_55' title='bbox 1617 849 1867 898; x_wconf 91' lang='lat' dir='ltr'><strong>oppressos</strong></span> 
     </span>
     <span class='ocr_line' id='line_1_9' title="bbox 450 905 1866 972; baseline 0.002 -18"><span class='ocrx_word' id='word_1_56' title='bbox 450 917 590 972; x_wconf 88' lang='lat' dir='ltr'><strong>atque</strong></span> <span class='ocrx_word' id='word_1_57' title='bbox 627 907 880 954; x_wconf 87' lang='lat' dir='ltr'><strong>exstinctos</strong></span> <span class='ocrx_word' id='word_1_58' title='bbox 913 905 1078 968; x_wconf 84' lang='lat' dir='ltr'><strong>fuisse,</strong></span> <span class='ocrx_word' id='word_1_59' title='bbox 1103 907 1168 954; x_wconf 92' lang='lat' dir='ltr'><strong>ita</strong></span> <span class='ocrx_word' id='word_1_60' title='bbox 1202 908 1334 971; x_wconf 93' lang='lat' dir='ltr'><strong>quod</strong></span> <span class='ocrx_word' id='word_1_61' title='bbox 1374 926 1473 956; x_wconf 92' lang='lat' dir='ltr'><strong>non</strong></span> <span class='ocrx_word' id='word_1_62' title='bbox 1517 910 1584 957; x_wconf 91' lang='lat' dir='ltr'><strong>eis</strong></span> <span class='ocrx_word' id='word_1_63' title='bbox 1618 910 1866 958; x_wconf 90' lang='lat' dir='ltr'><strong>incruenta</strong></span> 
     </span>
     <span class='ocr_line' id='line_1_10' title="bbox 448 982 1864 1050; baseline 0.003 -20"><span class='ocrx_word' id='word_1_64' title='bbox 448 983 778 1048; x_wconf 90' lang='lat' dir='ltr'><strong>hujuscemodi</strong></span> <span class='ocrx_word' id='word_1_65' title='bbox 809 983 1004 1031; x_wconf 89' lang='lat' dir='ltr'><strong>victoria</strong></span> <span class='ocrx_word' id='word_1_66' title='bbox 1036 982 1188 1030; x_wconf 88' lang='lat' dir='ltr'><strong>fuerit.</strong></span> <span class='ocrx_word' id='word_1_67' title='bbox 1213 986 1413 1050; x_wconf 91' lang='lat' dir='ltr'><strong>Propter</strong></span> <span class='ocrx_word' id='word_1_68' title='bbox 1434 985 1593 1049; x_wconf 91' lang='lat' dir='ltr'><strong>quod,</strong></span> <span class='ocrx_word' id='word_1_69' title='bbox 1621 986 1691 1034; x_wconf 89' lang='lat' dir='ltr'><strong>ira</strong></span> <span class='ocrx_word' id='word_1_70' title='bbox 1713 986 1864 1033; x_wconf 87' lang='lat' dir='ltr'><strong>etfu—</strong></span> 
     </span>
     <span class='ocr_line' id='line_1_11' title="bbox 449 1058 1862 1126; baseline 0.003 -21"><span class='ocrx_word' id='word_1_71' title='bbox 449 1076 556 1107; x_wconf 88' lang='lat' dir='ltr'><strong>rore</strong></span> <span class='ocrx_word' id='word_1_72' title='bbox 577 1058 837 1123; x_wconf 87' lang='lat' dir='ltr'><strong>majoribus</strong></span> <span class='ocrx_word' id='word_1_73' title='bbox 860 1059 1070 1120; x_wconf 88' lang='lat' dir='ltr'><strong>accensi,</strong></span> <span class='ocrx_word' id='word_1_74' title='bbox 1096 1075 1202 1107; x_wconf 90' lang='lat' dir='ltr'><strong>eam</strong></span> <span class='ocrx_word' id='word_1_75' title='bbox 1227 1060 1478 1108; x_wconf 87' lang='lat' dir='ltr'><strong>crudeliter</strong></span> <span class='ocrx_word' id='word_1_76' title='bbox 1504 1061 1797 1126; x_wconf 73' lang='lat' dir='ltr'><strong>popular-unt</strong></span> <span class='ocrx_word' id='word_1_77' title='bbox 1816 1072 1862 1109; x_wconf 89' lang='lat' dir='ltr'><strong>et</strong></span> 
     </span>
     <span class='ocr_line' id='line_1_12' title="bbox 446 1137 1172 1200; baseline -0.001 -17"><span class='ocrx_word' id='word_1_78' title='bbox 446 1138 496 1183; x_wconf 88' lang='lat' dir='ltr'><strong>in</strong></span> <span class='ocrx_word' id='word_1_79' title='bbox 518 1137 698 1185; x_wconf 85' lang='lat' dir='ltr'><strong>cineres</strong></span> <span class='ocrx_word' id='word_1_80' title='bbox 719 1152 867 1200; x_wconf 88' lang='lat' dir='ltr'><strong>usque</strong></span> <span class='ocrx_word' id='word_1_81' title='bbox 887 1145 1172 1182; x_wconf 86' lang='lat' dir='ltr'><strong>everterunt.</strong></span> 
     </span>
    </p>

    <p class='ocr_par' dir='ltr' id='par_1_3' title="bbox 432 1205 1863 2680">
     <span class='ocr_line' id='line_1_13' title="bbox 505 1205 1860 1280; baseline 0.002 -19"><span class='ocrx_word' id='word_1_82' title='bbox 505 1205 634 1263; x_wconf 82' lang='lat' dir='ltr'><strong>Sane</strong></span> <span class='ocrx_word' id='word_1_83' title='bbox 673 1213 1003 1278; x_wconf 91' lang='lat' dir='ltr'><strong>hujuscemodi</strong></span> <span class='ocrx_word' id='word_1_84' title='bbox 1033 1214 1250 1278; x_wconf 89' lang='lat' dir='ltr'><strong>oppiduli</strong></span> <span class='ocrx_word' id='word_1_85' title='bbox 1285 1215 1570 1280; x_wconf 86' lang='lat' dir='ltr'><strong>expugnatio</strong></span> <span class='ocrx_word' id='word_1_86' title='bbox 1601 1215 1860 1264; x_wconf 88' lang='lat' dir='ltr'><strong>multorum</strong></span> 
     </span>
     <span class='ocr_line' id='line_1_14' title="bbox 446 1290 1863 1342; baseline 0.001 -2"><span class='ocrx_word' id='word_1_87' title='bbox 446 1293 632 1340; x_wconf 90' lang='lat' dir='ltr'><strong>animos</strong></span> <span class='ocrx_word' id='word_1_88' title='bbox 659 1302 706 1339; x_wconf 90' lang='lat' dir='ltr'><strong>et</strong></span> <span class='ocrx_word' id='word_1_89' title='bbox 739 1293 788 1338; x_wconf 92' lang='lat' dir='ltr'><strong>in</strong></span> <span class='ocrx_word' id='word_1_90' title='bbox 820 1290 1041 1338; x_wconf 87' lang='lat' dir='ltr'><strong>Flandria</strong></span> <span class='ocrx_word' id='word_1_91' title='bbox 1069 1301 1115 1338; x_wconf 91' lang='lat' dir='ltr'><strong>et</strong></span> <span class='ocrx_word' id='word_1_92' title='bbox 1146 1292 1193 1338; x_wconf 92' lang='lat' dir='ltr'><strong>in</strong></span> <span class='ocrx_word' id='word_1_93' title='bbox 1221 1291 1472 1340; x_wconf 86' lang='lat' dir='ltr'><strong>Brabantia</strong></span> <span class='ocrx_word' id='word_1_94' title='bbox 1502 1294 1728 1341; x_wconf 85' lang='lat' dir='ltr'><strong>attonitos</strong></span> <span class='ocrx_word' id='word_1_95' title='bbox 1758 1294 1863 1342; x_wconf 88' lang='lat' dir='ltr'><strong>red-</strong></span> 
     </span>
     <span class='ocr_line' id='line_1_15' title="bbox 447 1367 1859 1435; baseline 0.001 -18"><span class='ocrx_word' id='word_1_96' title='bbox 447 1370 565 1417; x_wconf 88' lang='lat' dir='ltr'><strong>didit</strong></span> <span class='ocrx_word' id='word_1_97' title='bbox 600 1386 655 1417; x_wconf 90' lang='lat' dir='ltr'><strong>ac</strong></span> <span class='ocrx_word' id='word_1_98' title='bbox 695 1367 909 1435; x_wconf 88' lang='lat' dir='ltr'><strong>pavidos.</strong></span> <span class='ocrx_word' id='word_1_99' title='bbox 937 1370 1059 1415; x_wconf 92' lang='lat' dir='ltr'><strong>Cum</strong></span> <span class='ocrx_word' id='word_1_100' title='bbox 1089 1378 1247 1416; x_wconf 89' lang='lat' dir='ltr'><strong>tamen</strong></span> <span class='ocrx_word' id='word_1_101' title='bbox 1263 1370 1430 1418; x_wconf 87' lang='lat' dir='ltr'><strong>Franci</strong></span> <span class='ocrx_word' id='word_1_102' title='bbox 1456 1386 1591 1417; x_wconf 88' lang='lat' dir='ltr'><strong>suam</strong></span> <span class='ocrx_word' id='word_1_103' title='bbox 1620 1370 1859 1419; x_wconf 86' lang='lat' dir='ltr'><strong>fortunam</strong></span> 
     </span>
     <span class='ocr_line' id='line_1_16' title="bbox 443 1445 1854 1513; baseline 0.001 -19"><span class='ocrx_word' id='word_1_104' title='bbox 443 1447 704 1494; x_wconf 83' lang='lat' dir='ltr'><strong>secundam</strong></span> <span class='ocrx_word' id='word_1_105' title='bbox 731 1447 858 1494; x_wconf 90' lang='lat' dir='ltr'><strong>lente</strong></span> <span class='ocrx_word' id='word_1_106' title='bbox 896 1445 1096 1492; x_wconf 91' lang='lat' dir='ltr'><strong>nimium</strong></span> <span class='ocrx_word' id='word_1_107' title='bbox 1133 1455 1181 1508; x_wconf 87' lang='lat' dir='ltr'><strong>et</strong></span> <span class='ocrx_word' id='word_1_108' title='bbox 1219 1447 1409 1494; x_wconf 85' lang='lat' dir='ltr'><strong>remisse</strong></span> <span class='ocrx_word' id='word_1_109' title='bbox 1439 1458 1854 1513; x_wconf 85' lang='lat' dir='ltr'><strong>prosequerentur,</strong></span> 
     </span>
     <span class='ocr_line' id='line_1_17' title="bbox 442 1522 1858 1591; baseline 0 -18"><span class='ocrx_word' id='word_1_110' title='bbox 442 1535 688 1591; x_wconf 85' lang='lat' dir='ltr'><strong>coeperunt</strong></span> <span class='ocrx_word' id='word_1_111' title='bbox 719 1534 977 1587; x_wconf 91' lang='lat' dir='ltr'><strong>utcumque</strong></span> <span class='ocrx_word' id='word_1_112' title='bbox 1007 1526 1039 1569; x_wconf 87' lang='lat' dir='ltr'><strong>F</strong></span> <span class='ocrx_word' id='word_1_113' title='bbox 1041 1522 1236 1587; x_wconf 88' lang='lat' dir='ltr'><strong>lamingi</strong></span> <span class='ocrx_word' id='word_1_114' title='bbox 1272 1524 1458 1571; x_wconf 91' lang='lat' dir='ltr'><strong>animos</strong></span> <span class='ocrx_word' id='word_1_115' title='bbox 1480 1541 1786 1591; x_wconf 82' lang='lat' dir='ltr'><strong>recuperare3</strong></span> <span class='ocrx_word' id='word_1_116' title='bbox 1811 1536 1858 1574; x_wconf 88' lang='lat' dir='ltr'><strong>et</strong></span> 
     </span>
     <span class='ocr_line' id='line_1_18' title="bbox 441 1601 1858 1668; baseline 0 -18"><span class='ocrx_word' id='word_1_117' title='bbox 441 1619 552 1650; x_wconf 90' lang='lat' dir='ltr'><strong>cum</strong></span> <span class='ocrx_word' id='word_1_118' title='bbox 586 1602 850 1668; x_wconf 90' lang='lat' dir='ltr'><strong>principem</strong></span> <span class='ocrx_word' id='word_1_119' title='bbox 883 1601 1132 1666; x_wconf 91' lang='lat' dir='ltr'><strong>proprium</strong></span> <span class='ocrx_word' id='word_1_120' title='bbox 1161 1601 1379 1648; x_wconf 93' lang='lat' dir='ltr'><strong>nondum</strong></span> <span class='ocrx_word' id='word_1_121' title='bbox 1409 1601 1666 1664; x_wconf 90' lang='lat' dir='ltr'><strong>haberent,</strong></span> <span class='ocrx_word' id='word_1_122' title='bbox 1709 1619 1858 1668; x_wconf 89' lang='lat' dir='ltr'><strong>quan-</strong></span> 
     </span>
     <span class='ocr_line' id='line_1_19' title="bbox 440 1679 1856 1746; baseline 0.001 -18"><span class='ocrx_word' id='word_1_123' title='bbox 440 1698 585 1746; x_wconf 89' lang='lat' dir='ltr'><strong>quam</strong></span> <span class='ocrx_word' id='word_1_124' title='bbox 600 1681 867 1745; x_wconf 90' lang='lat' dir='ltr'><strong>frequenter</strong></span> <span class='ocrx_word' id='word_1_125' title='bbox 886 1679 1109 1726; x_wconf 89' lang='lat' dir='ltr'><strong>advenire</strong></span> <span class='ocrx_word' id='word_1_126' title='bbox 1124 1679 1381 1745; x_wconf 86' lang='lat' dir='ltr'><strong>imperator</strong></span> <span class='ocrx_word' id='word_1_127' title='bbox 1401 1697 1459 1728; x_wconf 83' lang='lat' dir='ltr'><strong>ex</strong></span> <span class='ocrx_word' id='word_1_128' title='bbox 1473 1681 1656 1729; x_wconf 83' lang='lat' dir='ltr'><strong>Austria</strong></span> <span class='ocrx_word' id='word_1_129' title='bbox 1671 1682 1744 1728; x_wconf 89' lang='lat' dir='ltr'><strong>vel</strong></span> <span class='ocrx_word' id='word_1_130' title='bbox 1767 1691 1856 1730; x_wconf 89' lang='lat' dir='ltr'><strong>sta-</strong></span> 
     </span>
     <span class='ocr_line' id='line_1_20' title="bbox 439 1747 1853 1825; baseline 0 -19"><span class='ocrx_word' id='word_1_131' title='bbox 439 1759 525 1806; x_wconf 88' lang='lat' dir='ltr'><strong>tim</strong></span> <span class='ocrx_word' id='word_1_132' title='bbox 539 1776 651 1806; x_wconf 90' lang='lat' dir='ltr'><strong>suus</strong></span> <span class='ocrx_word' id='word_1_133' title='bbox 661 1757 783 1805; x_wconf 80' lang='lat' dir='ltr'><strong>filius</strong></span> <span class='ocrx_word' id='word_1_134' title='bbox 793 1756 1076 1805; x_wconf 88' lang='lat' dir='ltr'><strong>scriberetur</strong></span> <span class='ocrx_word' id='word_1_135' title='bbox 1085 1767 1131 1804; x_wconf 91' lang='lat' dir='ltr'><strong>et</strong></span> <span class='ocrx_word' id='word_1_136' title='bbox 1140 1768 1503 1822; x_wconf 86' lang='lat' dir='ltr'><strong>exspectaretur,</strong></span> <span class='ocrx_word' id='word_1_137' title='bbox 1514 1759 1758 1824; x_wconf 87' lang='lat' dir='ltr'><strong>elegerunt</strong></span> <span class='ocrx_word' id='word_1_138' title='bbox 1764 1747 1853 1825; x_wconf 84' lang='lat' dir='ltr'><strong>pro</strong></span> 
     </span>
     <span class='ocr_line' id='line_1_21' title="bbox 438 1834 1853 1902; baseline 0.001 -18"><span class='ocrx_word' id='word_1_139' title='bbox 438 1837 560 1884; x_wconf 88' lang='lat' dir='ltr'><strong>duce</strong></span> <span class='ocrx_word' id='word_1_140' title='bbox 574 1837 646 1884; x_wconf 91' lang='lat' dir='ltr'><strong>sui</strong></span> <span class='ocrx_word' id='word_1_141' title='bbox 662 1836 893 1884; x_wconf 87' lang='lat' dir='ltr'><strong>exercitus</strong></span> <span class='ocrx_word' id='word_1_142' title='bbox 904 1834 1074 1882; x_wconf 79' lang='lat' dir='ltr'><strong>ducem</strong></span> <span class='ocrx_word' id='word_1_143' title='bbox 1087 1835 1334 1899; x_wconf 91' lang='lat' dir='ltr'><strong>quondam</strong></span> <span class='ocrx_word' id='word_1_144' title='bbox 1347 1836 1583 1899; x_wconf 88' lang='lat' dir='ltr'><strong>Geldriae¹,</strong></span> <span class='ocrx_word' id='word_1_145' title='bbox 1600 1837 1684 1902; x_wconf 90' lang='lat' dir='ltr'><strong>qui</strong></span> <span class='ocrx_word' id='word_1_146' title='bbox 1694 1836 1853 1885; x_wconf 91' lang='lat' dir='ltr'><strong>adhuc</strong></span> 
     </span>
     <span class='ocr_line' id='line_1_22' title="bbox 438 1913 1852 1981; baseline 0 -19"><span class='ocrx_word' id='word_1_147' title='bbox 438 1916 652 1981; x_wconf 84' lang='lat' dir='ltr'><strong>captivus</strong></span> <span class='ocrx_word' id='word_1_148' title='bbox 669 1931 821 1979; x_wconf 91' lang='lat' dir='ltr'><strong>usque</strong></span> <span class='ocrx_word' id='word_1_149' title='bbox 833 1913 897 1961; x_wconf 91' lang='lat' dir='ltr'><strong>ad</strong></span> <span class='ocrx_word' id='word_1_150' title='bbox 908 1913 958 1960; x_wconf 92' lang='lat' dir='ltr'><strong>id</strong></span> <span class='ocrx_word' id='word_1_151' title='bbox 970 1913 1196 1979; x_wconf 91' lang='lat' dir='ltr'><strong>temporis</strong></span> <span class='ocrx_word' id='word_1_152' title='bbox 1219 1913 1508 1962; x_wconf 87' lang='lat' dir='ltr'><strong>servabatur.</strong></span> <span class='ocrx_word' id='word_1_153' title='bbox 1533 1914 1677 1979; x_wconf 88' lang='lat' dir='ltr'><strong>Cujus</strong></span> <span class='ocrx_word' id='word_1_154' title='bbox 1694 1931 1745 1962; x_wconf 89' lang='lat' dir='ltr'><strong>se</strong></span> <span class='ocrx_word' id='word_1_155' title='bbox 1763 1914 1852 1962; x_wconf 88' lang='lat' dir='ltr'><strong>du·</strong></span> 
     </span>
     <span class='ocr_line' id='line_1_23' title="bbox 437 1991 1848 2057; baseline -0.001 -17"><span class='ocrx_word' id='word_1_156' title='bbox 437 1993 560 2040; x_wconf 88' lang='lat' dir='ltr'><strong>catui</strong></span> <span class='ocrx_word' id='word_1_157' title='bbox 596 1992 960 2052; x_wconf 90' lang='lat' dir='ltr'><strong>committentes,</strong></span> <span class='ocrx_word' id='word_1_158' title='bbox 1001 2007 1113 2038; x_wconf 90' lang='lat' dir='ltr'><strong>cum</strong></span> <span class='ocrx_word' id='word_1_159' title='bbox 1145 1991 1329 2054; x_wconf 87' lang='lat' dir='ltr'><strong>magnis</strong></span> <span class='ocrx_word' id='word_1_160' title='bbox 1351 1993 1499 2057; x_wconf 92' lang='lat' dir='ltr'><strong>copiis</strong></span> <span class='ocrx_word' id='word_1_161' title='bbox 1530 1993 1778 2040; x_wconf 85' lang='lat' dir='ltr'><strong>exiverunt</strong></span> <span class='ocrx_word' id='word_1_162' title='bbox 1799 1993 1848 2039; x_wconf 93' lang='lat' dir='ltr'><strong>in</strong></span> 
     </span>
     <span class='ocr_line' id='line_1_24' title="bbox 436 2069 1848 2136; baseline 0 -19"><span class='ocrx_word' id='word_1_163' title='bbox 436 2087 573 2136; x_wconf 88' lang='lat' dir='ltr'><strong>agros</strong></span> <span class='ocrx_word' id='word_1_164' title='bbox 579 2073 914 2117; x_wconf 87' lang='lat' dir='ltr'><strong>Tornacenses.</strong></span> <span class='ocrx_word' id='word_1_165' title='bbox 927 2072 1184 2122; x_wconf 88' lang='lat' dir='ltr'><strong>Locaverat</strong></span> <span class='ocrx_word' id='word_1_166' title='bbox 1193 2069 1321 2116; x_wconf 88' lang='lat' dir='ltr'><strong>enim</strong></span> <span class='ocrx_word' id='word_1_167' title='bbox 1329 2086 1407 2117; x_wconf 88' lang='lat' dir='ltr'><strong>rex</strong></span> <span class='ocrx_word' id='word_1_168' title='bbox 1417 2086 1639 2135; x_wconf 89' lang='lat' dir='ltr'><strong>magnam</strong></span> <span class='ocrx_word' id='word_1_169' title='bbox 1645 2070 1848 2117; x_wconf 86' lang='lat' dir='ltr'><strong>militum</strong></span> 
     </span>
     <span class='ocr_line' id='line_1_25' title="bbox 436 2147 1850 2212; baseline -0.001 -16"><span class='ocrx_word' id='word_1_170' title='bbox 436 2166 632 2196; x_wconf 90' lang='lat' dir='ltr'><strong>suorum</strong></span> <span class='ocrx_word' id='word_1_171' title='bbox 654 2163 850 2196; x_wconf 86' lang='lat' dir='ltr'><strong>manum</strong></span> <span class='ocrx_word' id='word_1_172' title='bbox 871 2163 960 2212; x_wconf 91' lang='lat' dir='ltr'><strong>pro</strong></span> <span class='ocrx_word' id='word_1_173' title='bbox 980 2147 1180 2201; x_wconf 87' lang='lat' dir='ltr'><strong>statione</strong></span> <span class='ocrx_word' id='word_1_174' title='bbox 1203 2148 1526 2210; x_wconf 81' lang='lat' dir='ltr'><strong>Tornaeensi&#39;,</strong></span> <span class='ocrx_word' id='word_1_175' title='bbox 1547 2148 1630 2212; x_wconf 92' lang='lat' dir='ltr'><strong>qui</strong></span> <span class='ocrx_word' id='word_1_176' title='bbox 1647 2163 1786 2211; x_wconf 85' lang='lat' dir='ltr'><strong>agros</strong></span> <span class='ocrx_word' id='word_1_177' title='bbox 1803 2157 1850 2195; x_wconf 88' lang='lat' dir='ltr'><strong>et</strong></span> 
     </span>
     <span class='ocr_line' id='line_1_26' title="bbox 434 2224 1849 2283; baseline -0.001 -9"><span class='ocrx_word' id='word_1_178' title='bbox 434 2226 567 2274; x_wconf 83' lang='lat' dir='ltr'><strong>villas</strong></span> <span class='ocrx_word' id='word_1_179' title='bbox 606 2226 657 2272; x_wconf 89' lang='lat' dir='ltr'><strong>in</strong></span> <span class='ocrx_word' id='word_1_180' title='bbox 695 2224 915 2272; x_wconf 90' lang='lat' dir='ltr'><strong>Flandria</strong></span> <span class='ocrx_word' id='word_1_181' title='bbox 956 2234 1004 2272; x_wconf 89' lang='lat' dir='ltr'><strong>et</strong></span> <span class='ocrx_word' id='word_1_182' title='bbox 1040 2225 1294 2272; x_wconf 88' lang='lat' dir='ltr'><strong>Harmonia</strong></span> <span class='ocrx_word' id='word_1_183' title='bbox 1330 2225 1647 2283; x_wconf 89' lang='lat' dir='ltr'><strong>incursantes,</strong></span> <span class='ocrx_word' id='word_1_184' title='bbox 1685 2227 1849 2274; x_wconf 90' lang='lat' dir='ltr'><strong>omnia</strong></span> 
     </span>
     <span class='ocr_line' id='line_1_27' title="bbox 432 2301 1848 2368; baseline -0.001 -18"><span class='ocrx_word' id='word_1_185' title='bbox 432 2302 551 2350; x_wconf 91' lang='lat' dir='ltr'><strong>inibi</strong></span> <span class='ocrx_word' id='word_1_186' title='bbox 590 2301 939 2368; x_wconf 88' lang='lat' dir='ltr'><strong>pervastabant.</strong></span> <span class='ocrx_word' id='word_1_187' title='bbox 986 2303 1107 2348; x_wconf 89' lang='lat' dir='ltr'><strong>Cum</strong></span> <span class='ocrx_word' id='word_1_188' title='bbox 1140 2312 1326 2363; x_wconf 88' lang='lat' dir='ltr'><strong>autem,</strong></span> <span class='ocrx_word' id='word_1_189' title='bbox 1369 2301 1579 2366; x_wconf 90' lang='lat' dir='ltr'><strong>quodam</strong></span> <span class='ocrx_word' id='word_1_190' title='bbox 1613 2302 1717 2361; x_wconf 89' lang='lat' dir='ltr'><strong>die,</strong></span> <span class='ocrx_word' id='word_1_191' title='bbox 1748 2301 1848 2366; x_wconf 89' lang='lat' dir='ltr'><strong>ipse</strong></span> 
     </span>
     <span class='ocr_line' id='line_1_28' title="bbox 434 2379 1849 2444; baseline -0.001 -16"><span class='ocrx_word' id='word_1_192' title='bbox 434 2380 635 2428; x_wconf 85' lang='lat' dir='ltr'><strong>Geldriae</strong></span> <span class='ocrx_word' id='word_1_193' title='bbox 658 2379 754 2426; x_wconf 90' lang='lat' dir='ltr'><strong>dux</strong></span> <span class='ocrx_word' id='word_1_194' title='bbox 778 2397 887 2427; x_wconf 92' lang='lat' dir='ltr'><strong>cum</strong></span> <span class='ocrx_word' id='word_1_195' title='bbox 901 2380 995 2426; x_wconf 90' lang='lat' dir='ltr'><strong>suis</strong></span> <span class='ocrx_word' id='word_1_196' title='bbox 1013 2379 1365 2443; x_wconf 86' lang='lat' dir='ltr'><strong>Flamingorum</strong></span> <span class='ocrx_word' id='word_1_197' title='bbox 1384 2380 1533 2444; x_wconf 88' lang='lat' dir='ltr'><strong>copiis</strong></span> <span class='ocrx_word' id='word_1_198' title='bbox 1541 2379 1721 2427; x_wconf 86' lang='lat' dir='ltr'><strong>vicinas</strong></span> <span class='ocrx_word' id='word_1_199' title='bbox 1739 2381 1849 2426; x_wconf 88' lang='lat' dir='ltr'><strong>Tor·</strong></span> 
     </span>
     <span class='ocr_line' id='line_1_29' title="bbox 434 2456 1847 2523; baseline -0.001 -18"><span class='ocrx_word' id='word_1_200' title='bbox 434 2459 540 2506; x_wconf 91' lang='lat' dir='ltr'><strong>naci</strong></span> <span class='ocrx_word' id='word_1_201' title='bbox 561 2456 694 2505; x_wconf 87' lang='lat' dir='ltr'><strong>villas</strong></span> <span class='ocrx_word' id='word_1_202' title='bbox 716 2457 995 2523; x_wconf 89' lang='lat' dir='ltr'><strong>populando</strong></span> <span class='ocrx_word' id='word_1_203' title='bbox 1018 2457 1297 2504; x_wconf 88' lang='lat' dir='ltr'><strong>incursasset</strong></span> <span class='ocrx_word' id='word_1_204' title='bbox 1319 2467 1387 2518; x_wconf 89' lang='lat' dir='ltr'><strong>et,</strong></span> <span class='ocrx_word' id='word_1_205' title='bbox 1413 2456 1630 2504; x_wconf 88' lang='lat' dir='ltr'><strong>abductis</strong></span> <span class='ocrx_word' id='word_1_206' title='bbox 1652 2456 1847 2522; x_wconf 90' lang='lat' dir='ltr'><strong>captivis</strong></span> 
     </span>
     <span class='ocr_line' id='line_1_30' title="bbox 432 2533 1844 2601; baseline -0.002 -18"><span class='ocrx_word' id='word_1_207' title='bbox 432 2537 482 2583; x_wconf 89' lang='lat' dir='ltr'><strong>in</strong></span> <span class='ocrx_word' id='word_1_208' title='bbox 505 2535 663 2601; x_wconf 87' lang='lat' dir='ltr'><strong>praeda</strong></span> <span class='ocrx_word' id='word_1_209' title='bbox 685 2534 913 2599; x_wconf 86' lang='lat' dir='ltr'><strong>plurima,</strong></span> <span class='ocrx_word' id='word_1_210' title='bbox 940 2533 1002 2580; x_wconf 88' lang='lat' dir='ltr'><strong>ad</strong></span> <span class='ocrx_word' id='word_1_211' title='bbox 1021 2549 1105 2580; x_wconf 93' lang='lat' dir='ltr'><strong>sua</strong></span> <span class='ocrx_word' id='word_1_212' title='bbox 1130 2543 1280 2587; x_wconf 81' lang='lat' dir='ltr'><strong>castra</strong></span> <span class='ocrx_word' id='word_1_213' title='bbox 1300 2533 1495 2595; x_wconf 89' lang='lat' dir='ltr'><strong>rediret,</strong></span> <span class='ocrx_word' id='word_1_214' title='bbox 1521 2551 1631 2580; x_wconf 90' lang='lat' dir='ltr'><strong>eum</strong></span> <span class='ocrx_word' id='word_1_215' title='bbox 1655 2550 1683 2581; x_wconf 89' lang='lat' dir='ltr'><strong>a</strong></span> <span class='ocrx_word' id='word_1_216' title='bbox 1712 2543 1844 2597; x_wconf 87' lang='lat' dir='ltr'><strong>tergo</strong></span> 
     </span>
     <span class='ocr_line' id='line_1_31' title="bbox 433 2611 1843 2680; baseline -0.003 -18"><span class='ocrx_word' id='word_1_217' title='bbox 433 2614 634 2680; x_wconf 82' lang='lat' dir='ltr'><strong>insecuti</strong></span> <span class='ocrx_word' id='word_1_218' title='bbox 692 2621 802 2660; x_wconf 88' lang='lat' dir='ltr'><strong>sunt</strong></span> <span class='ocrx_word' id='word_1_219' title='bbox 843 2611 1062 2658; x_wconf 91' lang='lat' dir='ltr'><strong>nonnulli</strong></span> <span class='ocrx_word' id='word_1_220' title='bbox 1095 2611 1308 2675; x_wconf 91' lang='lat' dir='ltr'><strong>equitum</strong></span> <span class='ocrx_word' id='word_1_221' title='bbox 1347 2614 1662 2674; x_wconf 87' lang='lat' dir='ltr'><strong>Francorum,</strong></span> <span class='ocrx_word' id='word_1_222' title='bbox 1705 2612 1787 2676; x_wconf 90' lang='lat' dir='ltr'><strong>qui</strong></span> <span class='ocrx_word' id='word_1_223' title='bbox 1817 2628 1843 2658; x_wconf 88' lang='lat' dir='ltr'><strong>e</strong></span> 
     </span>
    </p>
   </div>
   <div class='ocr_carea' id='block_1_3' title="bbox 472 2725 1840 2833">
    <p class='ocr_par' dir='ltr' id='par_1_4' title="bbox 472 2725 1840 2833">
     <span class='ocr_line' id='line_1_32' title="bbox 472 2725 1840 2780; baseline -0.001 -13"><span class='ocrx_word' id='word_1_224' title='bbox 472 2732 527 2767; x_wconf 83' lang='grc'><strong>’1.</strong></span> <span class='ocrx_word' id='word_1_225' title='bbox 557 2727 748 2780; x_wconf 78' lang='lat' dir='ltr'><strong>Adolphe,</strong></span> <span class='ocrx_word' id='word_1_226' title='bbox 769 2727 863 2765; x_wconf 89' lang='lat' dir='ltr'><strong>dont</strong></span> <span class='ocrx_word' id='word_1_227' title='bbox 883 2727 1045 2765; x_wconf 84' lang='lat' dir='ltr'><strong>l’auteur</strong></span> <span class='ocrx_word' id='word_1_228' title='bbox 1062 2739 1084 2766; x_wconf 82' lang='lat' dir='ltr'><strong>a</strong></span> <span class='ocrx_word' id='word_1_229' title='bbox 1102 2725 1207 2777; x_wconf 77' lang='lat' dir='ltr'><strong>parle</strong></span> <span class='ocrx_word' id='word_1_230' title='bbox 1227 2725 1552 2777; x_wconf 77' lang='lat' dir='ltr'><strong>precedemment,</strong></span> <span class='ocrx_word' id='word_1_231' title='bbox 1567 2735 1594 2764; x_wconf 90' lang='lat' dir='ltr'><strong>t.</strong></span> <span class='ocrx_word' id='word_1_232' title='bbox 1617 2728 1675 2774; x_wconf 92' lang='grc' dir='ltr'><strong>ΙΙ,</strong></span> <span class='ocrx_word' id='word_1_233' title='bbox 1690 2739 1731 2778; x_wconf 83' lang='lat' dir='ltr'><strong>p.</strong></span> <span class='ocrx_word' id='word_1_234' title='bbox 1749 2728 1840 2767; x_wconf 80' lang='lat'><strong>315.</strong></span> 
     </span>
     <span class='ocr_line' id='line_1_33' title="bbox 481 2791 872 2833; baseline -0.01 0"><span class='ocrx_word' id='word_1_235' title='bbox 481 2795 520 2833; x_wconf 82' lang='lat'><strong>2.</strong></span> <span class='ocrx_word' id='word_1_236' title='bbox 553 2791 679 2830; x_wconf 77' lang='lat' dir='ltr'><strong>Plutot</strong></span> <span class='ocrx_word' id='word_1_237' title='bbox 701 2792 872 2829; x_wconf 73' lang='lat' dir='ltr'><strong>Tornaci.</strong></span> 
     </span>
    </p>
   </div>
  </div>
 </body>
</html>
