2060 3392
689 295 837 333 LIBER
861 294 1061 333 PRmUS.
1509 295 1586 332 329

170 383 306 434 minti
339 385 483 434 etiam
520 383 580 432 de
619 383 878 447 conjuratis
909 393 957 430 et
985 382 1351 448 capitalioribus‘
1373 383 1589 432 factionis

169 454 468 520 auctoribus,
508 471 674 527 postea
706 461 758 508 in
795 461 994 523 gratiam
1032 460 1094 508 ab
1126 461 1230 526 ipso
1266 477 1375 524 rege
1412 463 1588 526 recepti

169 550 296 602 suut,
316 540 515 605 ejusque
535 555 635 587 non
662 537 813 586 modo
835 538 1153 600 clementiam,
1183 555 1349 586 verum
1379 548 1427 585 et
1446 538 1590 586 bene-

168 616 409 666 ficentiam
428 633 485 665 ac
499 615 828 664 liberalitatem
847 616 1043 680 experti,
1065 617 1249 680 magnis
1269 615 1331 664 ab
1351 632 1411 664 eo
1434 616 1589 664 hono-

169 694 301 742 ribus
322 703 467 759 atque
485 692 765 741 muneribus
781 691 947 740 donati
968 702 1078 739 sunt
1099 702 1146 740 et
1169 692 1395 742 sublimes
1413 693 1583 742 effecti.

234 773 454 820 Fatemur
474 771 669 835 quidem
692 770 788 818 hoc
811 770 986 835 ipsum,
1012 786 1102 818 nec
1122 769 1315 818 infitiari
1336 787 1589 836 possumus

168 842 388 914 plurimis
414 849 539 897 hanc
571 858 748 898 sortem
786 849 1059 912 contigisse,
1101 847 1384 914 plerumque
1415 848 1590 896 talibus

168 942 292 992 quos
303 927 480 976 idonea
496 928 808 975 instrumenta
829 943 913 974 seu
931 927 1191 974 ministeria
1206 937 1462 992 reputaret,
1484 945 1590 993 quae

167 1003 231 1052 ad
253 1004 599 1070 perficiendum
619 1021 727 1053 suas
747 1003 1042 1052 damnabiles
1063 1004 1344 1070 cupiditates
1370 1004 1461 1053 sibi
1482 1007 1589 1053 usui

169 1071 511 1147 esse-possent.
554 1082 646 1130 Sed
680 1098 780 1130 non
813 1099 872 1129 eo
906 1081 1091 1143 minus,
1129 1083 1352 1130 novimus
1387 1093 1437 1130 et
1471 1083 1590 1132 alios

169 1159 474 1224 qumplures
498 1160 672 1224 quibus
698 1161 789 1208 alia
814 1176 1009 1225 prorsus
1039 1175 1141 1207 sors
1173 1158 1368 1222 obtigit,
1393 1161 1494 1224 qui,
1521 1161 1591 1209 in·

168 1234 422 1299 dulgentiis
451 1237 547 1284 suis
574 1247 718 1302 atque
741 1236 1082 1284 abolitionibus
1108 1237 1213 1284 freti
1242 1247 1342 1284 tam
1366 1237 1591 1302 plenariis

168 1322 362 1378 tamque
404 1315 658 1380 expressis,
702 1325 936 1379 quantum
980 1331 1115 1363 mens
1154 1314 1365 1362 hominis
1407 1315 1591 1363 solertis

168 1391 316 1440 ferme
335 1392 603 1456 excogitare
622 1402 805 1457 posset,
837 1392 899 1440 de
924 1393 1085 1456 eisque
1112 1391 1307 1452 confisi,
1333 1407 1433 1439 non
1461 1393 1591 1440 aliud

167 1483 313 1532 quam
350 1468 697 1518 irremediabile
737 1469 932 1516 exitium
968 1470 1278 1528 invenerunt,
1319 1468 1399 1517 alii
1437 1471 1590 1535 capite

166 1543 294 1632 plexi
323 1554 371 1592 et
389 1544 571 1607 laniati,
595 1545 675 1593 alii
695 1560 930 1609 aquarum
961 1545 1223 1610 gurgitibus
1244 1545 1485 1607 suffocati,
1511 1547 1591 1594 alii

166 1622 218 1669 in
241 1622 403 1671 exsilia
428 1633 512 1671 aut
538 1639 749 1671 carceres
774 1625 890 1671 trusi
917 1633 964 1670 et
998 1623 1194 1672 detenti.
1220 1626 1352 1681 Quas
1375 1623 1590 1672 fortunas

167 1699 365 1748 minime
382 1701 708 1762 incurrissent,
733 1701 824 1748 nisi
846 1700 993 1748 fidem
1010 1702 1150 1764 regiis
1169 1701 1329 1764 gratiis
1350 1711 1398 1748 et
1415 1702 1590 1748 securi-

169 1777 344 1825 tatibus
380 1779 716 1844 proestitissent.
759 1778 986 1826 Consulte
1023 1778 1218 1843 quidem
1258 1779 1482 1843 praecepit
1519 1795 1591 1827 sa-

167 1855 304 1920 piens
325 1873 338 1902 :
366 1874 392 1900 ιι
417 1857 525 1903 Non
550 1855 766 1903 confidas
787 1855 985 1902 inimico
1013 1864 1099 1902 tuo
1126 1855 1178 1902 in
1204 1864 1449 1903 aeternum.
1483 1875 1507 1901 »
1531 1859 1591 1904 Et

168 1931 283 1979 item
309 1950 320 1978 :
349 1951 375 1977 «
400 1935 561 1998 Longe
583 1932 748 1981 abesto
770 1931 832 1980 ab
854 1932 1054 1980 homine
1073 1931 1282 1980 habente
1308 1942 1589 1997 potestatem

169 2011 419 2061 occidendi
435 2022 500 2074 te,
527 2023 574 2060 et
594 2030 696 2061 11011
720 2012 1033 2078 suspicaberis
1053 2023 1234 2060 metum
1256 2014 1437 2061 11101115.
1465 2032 1488 2058 »

234 2090 363 2149 Quid
380 2091 511 2139 enim
527 2091 725 2142 remedii
744 2091 933 2139 afferret
955 2090 1097 2138 nobis
1118 2091 1251 2155 quod
1271 2091 1409 2138 multi
1431 2107 1589 2154 regem

168 2168 451 2233 placabilem
470 2179 517 2218 et
540 2169 822 2218 clementem
843 2170 1144 2227 invenerunt,
1166 2168 1252 2216 ubi
1265 2185 1377 2218 eum
1393 2184 1586 2228 saevum,

170 2255 351 2294 trucem
381 2257 523 2312 atque
555 2248 908 2313 implacabilem
931 2247 1316 2296 offenderemus?
1352 2248 1445 2295 Sed
1478 2265 1588 2295 cum

172 2324 284 2388 ipsi,
328 2334 382 2372 ut
413 2326 675 2387 retulimus,
700 2326 802 2389 ejus
820 2326 1093 2392 plenissima
1114 2326 1363 2374 securitate
1382 2325 1560 2374 suffulti
1573 2363 1586 2385 ‚

170 2399 466 2448 confidenter
496 2402 558 2449 ad
589 2402 887 2451 clementiam
925 2418 1059 2450 suam
1094 2402 1326 2450 redeundi
1353 2403 1452 2465 jam
1474 2403 1588 2449 olim

171 2491 338 2524 ausum
360 2479 705 2544 acceperimus,
736 2479 975 2543 talemque
1002 2479 1147 2528 fidem
1162 2518 1175 2541 ‚
1209 2479 1590 2544 qualemretuli-

171 2569 278 2601 mus
298 2551 438 2603 nobis
467 2566 723 2617 servatam,
754 2568 1049 2622 compertam
1071 2558 1243 2605 totiens
1262 2557 1587 2616 habuerimuS,

172 2631 278 2694 quis
301 2647 415 2678 sana
435 2642 592 2679 mente
615 2635 863 2681 consulere
886 2634 1080 2682 auderet
1109 2645 1162 2681 ut
1185 2635 1356 2681 iterum
1379 2632 1468 2679 sub
1489 2634 1590 2695 ejus

172 2706 317 2755 fidem
335 2724 424 2755 nos
440 2710 735 2757 committere
747 2710 1023 2771 debeamus,
1044 2711 1178 2774 cujus
1193 2712 1332 2757 etiam
1347 2710 1589 2756 saeviorem

172 2792 313 2848 atque
328 2785 632 2834 immitiorem
654 2787 868 2836 animum
887 2789 1136 2836 adversum
1154 2804 1261 2845 nos,
1281 2787 1432 2834 multo
1445 2802 1589 2849 quam
