2060 3392
697 288 843 325 LIBER
870 287 1069 325 SEXTUS.
1545 286 1592 323 57

180 377 674 444 aliqwoeptivum
713 385 1041 434 servaverunt3
1082 375 1164 423 sed
1184 423 1187 425 ,
1205 375 1381 440 passim
1396 410 1410 434 ,
1459 385 1597 440 quot-

182 465 301 521 quot
349 453 440 503 sub
491 470 628 503 suam
670 470 868 501 manum
913 453 1092 502 habere
1135 461 1418 518 potuerunt,
1459 469 1596 518 pere-

182 542 388 585 merunt.

193 662 198 667 ,
249 613 307 658 Et
327 610 390 659 de
418 610 616 657 victoria
648 607 844 673 quidem
879 624 936 656 ac
974 625 1176 656 numero
1213 609 1435 673 utrinque
1459 626 1599 657 caso-

174 705 316 751 sum,
342 689 548 736 multum
570 687 860 747 differenter,
884 688 935 733 in
976 689 1110 734 terris
1142 688 1281 750 regiis
1316 696 1365 735 et
1390 688 1440 734 in
1465 688 1599 735 terris

183 766 335 828 ducis,
358 775 503 830 atque
523 765 652 812 varie
665 763 948 828 jactabatur.
968 767 1088 812 Nam
1101 766 1151 811 in
1169 765 1306 812 terris
1326 765 1481 828 regiis,
1503 766 1598 828 regi

161 855 165 860 '
183 844 376 892 cessisse
395 843 645 890 victoriam
663 840 1058 907 promulgabant,
1081 851 1156 903 ut,
1173 858 1260 907 per
1280 841 1467 905 singula
1477 858 1603 906 quae·

184 937 279 986 que
290 921 398 968 loca
414 920 634 983 insignia,
644 922 748 967 Deo
762 920 1017 982 gratiarum
1030 919 1266 966 solemnes
1280 935 1368 984 per
1382 919 1603 967 ecclesias

184 999 397 1058 actiones
409 1013 499 1064 pro
514 997 713 1044 victoria
729 995 894 1044 habita
910 995 1240 1058 redderentur,
1254 1006 1301 1043 et
1320 1012 1407 1061 per
1425 996 1604 1062 plateas

184 1086 234 1124 et
247 1077 380 1125 vicos
407 1077 541 1140 ignes
562 1075 740 1140 ubique
757 1113 770 1135 ,
797 1092 888 1140 pro
916 1084 1048 1122 tanta
1070 1076 1138 1122 rei
1160 1075 1432 1135 festivitate,
1455 1075 1605 1122 collu-

184 1163 364 1212 cerent.
392 1155 529 1219 Atqui
566 1170 666 1201 non
683 1169 819 1200 secus
838 1154 888 1200 in
911 1154 1046 1200 terris
1067 1153 1219 1213 ducis,
1247 1170 1338 1218 pro
1357 1153 1479 1200 felici
1501 1169 1605 1216 quae

185 1232 254 1281 eis
273 1242 561 1298 provenerat
577 1232 777 1279 victoria
790 1268 804 1290 ,
822 1231 1155 1294 hujuscemodi
1174 1231 1406 1278 solemnia
1423 1239 1608 1295 patrata

187 1313 314 1359 sunt.
339 1310 587 1376 Quidquid
609 1311 830 1358 tamenin
845 1309 1119 1373 hujusmodi
1136 1309 1431 1357 solemnibus
1441 1309 1609 1356 laetitiis

186 1397 420 1452 ageretur,
439 1388 646 1435 veriores
678 1403 839 1434 rerum
870 1386 1177 1433 aestimatores
1212 1386 1462 1433 victoriam
1498 1385 1609 1432 duci

186 1466 378 1513 Austriae
395 1475 443 1513 et
464 1466 560 1512 suis
586 1465 860 1530 provenisse
880 1463 1168 1511 asserebant.
1199 1467 1319 1511 Nam
1333 1473 1380 1511 et
1405 1464 1456 1510 in
1479 1463 1607 1524 loco,

188 1543 273 1592 ubi
301 1543 524 1610 proelium
557 1552 832 1590 consertum
867 1541 978 1601 fuit,
1005 1551 1194 1589 constat
1226 1558 1340 1589 eum
1373 1557 1486 1589 cum
1517 1542 1612 1588 suis

190 1621 342 1687 copiis
358 1631 661 1686 pernoctasse
697 1639 708 1667 :
731 1620 866 1684 quod
885 1621 1084 1667 minime
1106 1619 1207 1667 fieri
1224 1620 1478 1686 potuisset,
1501 1635 1613 1666 cum

190 1700 325 1748 locus
356 1699 435 1747 ille
465 1700 590 1748 intra
622 1699 796 1747 limites
827 1709 1062 1761 terrarum
1092 1715 1122 1746 a
1148 1716 1258 1763 rege
1291 1715 1613 1764 possessarum

191 1777 490 1837 consisteret,
516 1777 606 1823 nisi
630 1777 759 1823 caesis
787 1777 863 1824 vel
885 1776 998 1823 inde
1034 1776 1203 1839 fugatis
1225 1776 1433 1841 fusisque
1466 1776 1615 1823 hosti-

194 1853 303 1916 bus,
345 1853 442 1901 illic
471 1854 788 1919 pernoctandi
831 1853 1104 1901 victricibus
1145 1854 1292 1901 armis
1327 1853 1417 1900 sibi
1456 1852 1617 1900 fuisset

195 1930 426 1996 acquisita
451 1930 662 1978 facultas.

261 2008 402 2055 Initio
424 2024 543 2056 caesa
563 2008 688 2056 ultra
715 2008 883 2055 decem
913 2008 1060 2056 millia
1087 2012 1381 2056 Francorum
1401 2009 1617 2074 peditum

195 2081 495 2142 ferebantur3
522 2082 607 2130 sed
630 2083 940 2149 postmodum
966 2084 1123 2131 verius
1145 2083 1404 2149 putabatur
1431 2084 1527 2132 illic
1558 2085 1618 2132 de

195 2161 308 2227 ipsis
349 2177 449 2208 non
484 2161 610 2209 ultra
644 2178 724 2209 sex
755 2162 830 2210 vel
868 2172 1050 2227 septem
1082 2162 1231 2210 millia
1265 2162 1505 2210 cecidisse.
1550 2166 1616 2209 Ex

194 2238 434 2304 equitibus
455 2256 571 2287 vero
597 2242 890 2288 Francorum
916 2255 1067 2306 parvo
1091 2256 1294 2288 numero
1323 2240 1615 2288 ceciderunt.

198 2318 256 2364 Et
280 2315 437 2364 ferunt
462 2318 608 2383 aliqui
643 2317 802 2383 quod,
828 2334 940 2365 cum
964 2317 1147 2383 pedites
1165 2322 1458 2366 Francorum
1490 2319 1621 2365 vide-

199 2404 310 2442 runt
329 2395 512 2459 equites
535 2412 672 2458 suos,
697 2397 780 2461 qui
802 2396 1067 2460 equitatum
1081 2391 1224 2444 ¹ducis
1243 2433 1257 2456 ,
1282 2396 1352 2442 uti
1376 2412 1519 2462 supra
1548 2413 1619 2442 re-

198 2471 419 2532 tulimus,
450 2473 660 2536 fugando
695 2472 1084 2538 insequebantur,
1127 2474 1216 2521 iter
1254 2489 1426 2538 capere
1462 2489 1623 2520 versus

200 2549 466 2609 Morinum,
497 2550 630 2614 quod
653 2551 741 2616 ipsi
774 2552 1124 2598 aestimaverunt
1149 2567 1233 2598 eos
1262 2550 1423 2614 fugam
1445 2550 1623 2614 cepisse

200 2635 247 2672 et
272 2635 403 2690 terga
426 2628 617 2676 vertisse
643 2627 889 2687 hostibus3
924 2644 1029 2693 quae
1054 2628 1302 2676 aestimatio
1332 2628 1401 2675 eis
1430 2626 1625 2673 immisit

197 2719 429 2769 pavorem
464 2715 511 2752 et
548 2722 739 2754 causam
774 2706 900 2754 exitii
937 2706 1110 2754 attulit.
1143 2705 1237 2753 Sed
1274 2704 1513 2770 profecto,
1555 2703 1624 2750 uti

200 2781 421 2844 diximus,
441 2799 496 2831 ea
511 2784 708 2832 victoria
725 2801 824 2831 non
842 2785 1089 2831 incruenta
1105 2783 1359 2844 Flamingis
1376 2781 1620 2846 provenit3
