2060 3392
466 226 469 230 ῃ
495 258 544 305 90
854 260 1195 299 HISTORIARUM
1221 262 1458 300 LUDOVICI
1486 264 1542 301 XI

487 343 754 407 jaciebant,
791 346 908 393 nihil
944 347 1147 412 amplius
1181 349 1300 396 votis
1335 361 1627 415 expetentem
1667 370 1811 418 quam
1847 366 1900 404 ut

492 432 771 482 moreretur,
796 433 842 470 et
865 424 1038 487 periret
1058 439 1235 473 nomen
1257 426 1372 490 ejus.

928 627 1262 675 CAPITULUM
1295 631 1458 677 XXIV.

489 770 681 815 Quomodo
701 770 867 806 domiuus
882 772 1113 820 Trajectensis
1127 775 1245 822 posuit
1262 775 1423 823 praesidia
1443 775 1591 811 militum
1611 776 1648 811 in
1671 777 1788 824 Wyck,
1807 778 1898 813 Rhe-

536 839 600 860 nen
620 835 655 862 et
678 828 870 874 Yselsteym
895 829 976 875 qui,
1002 842 1044 865 ex
1068 842 1152 874 una,
1174 839 1208 866 et
1231 831 1291 866 alii
1311 831 1459 875 ratheri,
1478 832 1607 879 quihus
1626 833 1901 881 impletum·fuit

535 884 751 932 Trajectum,
769 898 811 921 ex
826 886 934 922 altera
953 887 1126 936 partibus,
1147 896 1256 924 totam
1276 888 1494 938 adjacentem
1510 890 1661 938 patriam
1677 891 1852 928 incendiis
1865 901 1914 928 et-

533 940 666 989 rapinis
675 950 911 980 vastaverunt.

552 1070 674 1116 Cum
707 1079 866 1118 autem
895 1071 1024 1119 idem
1046 1074 1215 1137 praesul
1243 1083 1290 1121 et
1322 1074 1546 1123 dominus
1572 1075 1754 1125 videret
1784 1077 1900 1125 civi-

488 1155 633 1194 tatem
665 1163 799 1195 suam
835 1157 967 1197 tanta
998 1149 1302 1198 rutherorum
1342 1162 1390 1199 et
1416 1153 1625 1218 plurium
1657 1170 1714 1202 ex
1745 1171 1900 1221 popu-

486 1224 571 1271 lari
603 1225 904 1274 multitudine
937 1227 1112 1274 civium
1135 1238 1303 1276 contra
1329 1246 1379 1277 se
1400 1231 1658 1292 munitam,
1695 1247 1895 1297 eosque,

486 1301 568 1365 qui
600 1301 902 1366 tyrannidem
930 1303 980 1350 in
1011 1320 1068 1352 ea
1091 1305 1387 1371 arripuerant
1400 1344 1414 1368 ‚
1443 1307 1560 1363 nihil
1594 1306 1733 1356 aliud³⁷
1754 1324 1898 1374 quam

487 1393 536 1427 se
552 1379 791 1443 perditum
809 1381 867 1428 iri
892 1391 1057 1447 optare
1084 1399 1141 1430 ac
1166 1384 1347 1446 moliri,
1371 1383 1541 1432 habuit
1562 1385 1662 1450 ipse
1683 1402 1895 1449 necesse,

487 1455 550 1504 ad
574 1458 920 1521 protectionem
945 1459 1043 1521 sui,
1070 1459 1213 1507 etiam
1243 1477 1342 1508 sese
1374 1461 1654 1510 militaribus
1675 1462 1900 1528 praesidiis

484 1535 798 1582 communire.
824 1536 962 1583 Unde
984 1537 1034 1583 in
1057 1536 1208 1585 tribus
1222 1538 1459 1603 praecipue
1483 1539 1698 1604 oppidis,
1724 1539 1900 1588 civitati

483 1610 673 1672 vicinis,
698 1612 917 1660 videlicet
941 1618 1012 1661 W
998 1613 1118 1677 yclr,
1144 1613 1229 1662 uhi
1262 1615 1361 1680 ipse
1387 1631 1574 1663 moram
1604 1615 1826 1676 faciebat,
1853 1627 1900 1664 et

486 1688 534 1735 in
554 1688 730 1737 Rhenis
742 1692 755 1715 ¹
773 1701 916 1755 atque
933 1691 1220 1754 Yselstania‚
1240 1693 1443 1740 militum
1465 1692 1681 1758 praesidia
1698 1692 1900 1742 advoca-

485 1768 568 1815 vit.
604 1768 847 1834 Oppidum
863 1780 1023 1819 autem
1043 1771 1368 1820 Amersfordiae
1381 1774 1396 1796 ²
1408 1808 1420 1832 ,
1448 1773 1581 1837 quod
1598 1782 1738 1821 antea
1755 1773 1897 1822 etiam

483 1845 659 1893 civium
687 1846 1060 1896 dissensionibus
1090 1859 1138 1897 et
1171 1849 1348 1896 mutuis
1382 1849 1559 1897 civium
1590 1849 1898 1915 proscriptio-

466 1920 625 1970 'nibus
659 1924 887 1986 agitatum
920 1925 1095 1988 fuerat,
1135 1937 1183 1974 et
1218 1927 1268 1974 in
1305 1944 1403 1992 quo
1440 1926 1790 1992 praevaluerant
1815 1929 1898 1994 qui

484 2001 625 2060 cives,
651 2018 739 2048 suo
762 2002 948 2067 praesuli
969 2003 1284 2068 obsequentes
1306 2014 1448 2070 atque
1469 2005 1700 2067 faventes,
1726 2006 1898 2071 injuria

485 2087 532 2125 et
551 2079 978 2144 proscriptionibus
999 2082 1275 2145 affecerant,
1313 2083 1687 2148 pertinacissimo
1725 2082 1899 2131 foedere

484 2157 765 2220 Trajectensi
786 2157 987 2221 civitati,
1012 2169 1180 2208 contra
1209 2161 1431 2209 eumdem
1461 2177 1600 2208 suum
1621 2160 1867 2226 praesulem
1881 2199 1894 2223 ,

484 2249 533 2280 se
557 2235 836 2281 constrinxit
851 2245 994 2299 atque
1015 2236 1240 2284 devinxit.

550 2312 646 2358 Nec
662 2312 676 2335 ⁸
694 2327 830 2359 mora
850 2312 994 2376 longa
1014 2313 1300 2374 Fridericus,
1325 2313 1547 2361 dominus
1571 2314 1630 2362 de
1653 2315 1869 2364 IseLctein
1882 2355 1895 2379 ‚

485 2388 682 2454 stipatus
703 2390 904 2438 rutheris
931 2391 1044 2452 suis,
1070 2391 1132 2439 ad
1157 2391 1496 2463 suburbanum
1502 2403 1650 2459 portae
1672 2395 1895 2458 civitatis,

486 2481 590 2527 quae
625 2466 806 2513 Sanctae
839 2467 1102 2515 Catharinae
1137 2479 1509 2532 cognomentum
1544 2469 1717 2533 habet,
1754 2481 1896 2519 noctu

529 2618 579 2661 '1.
609 2625 768 2675 Reynen
787 2626 1008 2676 (Renesse).

541 2689 581 2727 2.
611 2688 861 2729 Amersfoort.

543 2752 581 2788 3.
611 2753 673 2789 Sic
689 2751 902 2800 Matthaeus,
924 2763 959 2790 ct
979 2753 1072 2792 dans
1092 2755 1127 2792 le
1150 2769 1219 2793 ms.
