2060 3392
462 381 537 418 180
821 377 1163 415 HISTORIARUM
1187 376 1427 413 LUDOVICI
1453 375 1511 411 xl

457 462 673 510 codicem
707 462 861 525 ipsum
891 458 1245 522 evangeliorum
1278 457 1451 520 tetigit;
1489 456 1554 503 ita
1576 465 1629 502 ut
1660 455 1873 502 videntes

456 555 485 586 a
514 539 610 586 risu
632 547 894 602 temperare
921 551 1021 583 non
1049 545 1268 603 possent,
1295 544 1342 581 et
1368 550 1479 581 eum
1510 531 1870 597 quodammodo

457 615 586 662 velut
606 613 808 661 delirum
827 612 1164 660 existimarent.

519 691 665 739 Multa
685 701 731 738 et
764 690 855 738 alia
877 689 1045 737 similia
1079 706 1200 754 saepe
1224 688 1286 736 ab
1314 687 1486 736 eodem
1520 686 1642 734 facta
1668 695 1716 734 et
1743 646 1870 734 dicta

450 770 646 832 longum
669 778 790 816 esset
811 777 859 815 et
875 767 1121 815 taediosum
1143 766 1332 814 referre.
1358 768 1424 813 Ex
1459 763 1659 830 quibus,
1690 773 1869 827 quanta

447 847 692 911 qualisque
727 846 776 892 in
814 845 918 892 viro
957 845 1156 908 gravitas
1192 853 1334 908 atque
1376 842 1628 908 prudentia
1666 841 1864 903 inesset,

443 924 626 988 liquido
658 933 859 971 constat.
893 925 1007 981 Quae
1032 921 1251 985 quidem,
1286 921 1372 968 etsi
1395 920 1544 983 magis
1573 918 1732 966 adhuc
1759 919 1869 966 ridi-

442 1002 549 1049 cula
572 1011 618 1049 et
643 1000 851 1054 ludibrio
874 999 1018 1063 digna
1039 999 1343 1059 exstitissent,
1385 997 1650 1045 tolerabilia
1672 1007 1866 1044 utcum-

440 1095 533 1142 que
568 1079 786 1139 fuissent,
827 1078 864 1124 si
895 1094 996 1124 non
1026 1076 1275 1140 injustitia,
1315 1074 1514 1141 perfidia
1544 1085 1591 1122 et
1622 1074 1721 1122 doli
1753 1073 1865 1122 mali

439 1156 823 1204 machinamenta
856 1155 956 1219 ejus
987 1154 1231 1203 stultitiam
1262 1164 1405 1218 atque
1439 1150 1759 1218 insipientiam
1785 1170 1863 1200 su-

438 1243 697 1297 perassent.

892 1450 1234 1497 CAPITULUM
1275 1450 1398 1495 xm.

988 1587 1040 1620 De
1063 1585 1197 1632 justitia
1221 1586 1308 1631 ejus.

501 1704 634 1751 Unde
649 1741 661 1765 ,
688 1690 942 1768 postquam
973 1703 1031 1750 de
1064 1704 1150 1750 viri
1183 1703 1436 1769 prudentia
1464 1712 1605 1766 atque
1630 1702 1860 1766 sapientia

432 1781 653 1829 nonnihil
678 1781 940 1842 retulimus,
961 1780 1020 1827 de
1038 1781 1217 1843 justitia
1236 1781 1379 1827 etiam
1396 1780 1544 1844 ipsius
1561 1779 1857 1843 loquendum

431 1870 514 1906 est.
552 1859 646 1917 Qui
677 1859 897 1922 quidem,
933 1875 1045 1905 cum
1080 1858 1333 1923 prudentia
1366 1857 1500 1921 (quae
1530 1857 1678 1903 virtus
1708 1866 1778 1903 est
1812 1866 1860 1904 et

433 1938 657 1983 virtutum
680 1946 956 1982 caeterarum
979 1936 1108 1982 velut
1126 1935 1308 1998 auriga)
1323 1935 1422 2000 ipse
1445 1935 1648 1982 caruerit
1663 1970 1678 1994 ‚
1705 1935 1858 1998 qualis

437 2016 585 2061 inesse
615 2014 711 2060 illic
741 2014 920 2077 justitia
961 2013 1195 2078 potuerit,
1235 2012 1320 2059 ubi
1367 2012 1620 2077 prudentia
1655 2012 1855 2059 omnino

432 2091 579 2138 defuit
605 2091 624 2136 Ξ)
661 2093 780 2137 Sunt
807 2091 937 2138 enim
966 2091 1187 2152 virtutes,
1222 2090 1485 2137 secundum
1512 2089 1854 2155 prophetarum

429 2169 798 2216 clarissimorum
829 2178 876 2214 et
907 2168 1243 2231 theologorum
1264 2166 1633 2230 irrefragabilem
1657 2176 1855 2213 senten-

432 2246 570 2305 tiam,
596 2244 800 2291 invicem
825 2245 900 2291 vel
925 2245 973 2290 in
1004 2245 1104 2309 ipsa
1138 2244 1390 2309 prudentia
1405 2281 1417 2303 ,
1453 2241 1718 2290 secundum
1741 2259 1853 2307 pro-

432 2322 620 2387 phetas,
643 2321 716 2368 vel
739 2322 788 2367 in
812 2322 1029 2381 caritate,
1050 2321 1311 2369 secundum
1331 2321 1598 2384 theologos,
1626 2336 1852 2368 connexae

431 2409 478 2445 et
496 2398 729 2445 Foederatae
748 2434 760 2457 ‚
788 2399 852 2445 ita
873 2399 1004 2462 quod
1017 2437 1028 2459 ,
1050 2399 1130 2462 qui
1154 2415 1300 2445 unam
1321 2397 1481 2458 habet,
1504 2407 1693 2445 caeteras
1709 2398 1852 2446 etiam

431 2475 609 2523 habere
646 2492 757 2522 eum
793 2492 980 2523 necesse
1015 2477 1102 2534 sit;
1144 2485 1190 2522 et
1227 2475 1304 2521 cui
1337 2491 1432 2521 una
1465 2474 1620 2535 deest,
1660 2475 1852 2538 reliquis

432 2553 575 2600 etiam
598 2568 937 2599 vacuum-eum
959 2568 1058 2598 esse
1084 2567 1270 2598 necesse
1292 2560 1377 2598 est.
1407 2553 1608 2597 Rursum
1635 2570 1657 2596 α
1686 2551 1866 2600 funda-s

431 2636 648 2674 mentum
671 2627 858 2689 justitiae
895 2625 1012 2673 fides
1040 2635 1108 2672 est
1134 2646 1157 2669 »
1189 2625 1452 2672 secundum
1488 2626 1766 2678 Ciceronem
1798 2627 1849 2674 in

431 2705 526 2751 suis
562 2703 757 2751 Officiis.
803 2704 938 2751 Fides
974 2713 1132 2751 autem
1165 2713 1257 2764 est,
1298 2702 1562 2750 secundum
1605 2703 1736 2768 quod
1771 2704 1850 2751 hie

430 2781 671 2844 loquimur
714 2781 774 2827 de
815 2780 932 2839 fide,
976 2781 1211 2828 dictorum
1252 2781 1691 2845 promissorumque
1736 2798 1849 2829 con-

429 2859 600 2906 stantia
626 2859 791 2917 quieta
813 2858 928 2905 fides
972 2875 1030 2905 eo
1065 2857 1222 2922 quod,
1256 2858 1320 2906 ita
1342 2868 1394 2905 ut
1420 2858 1592 2905 dicitur
1611 2858 1847 2923 promitti-
