2060 3392
783 274 931 312 LIBER
956 274 1209 312 SEPTIMUS.
1635 277 1707 314 141

270 364 376 413 vid
402 364 534 429 (erat
569 364 700 413 enim
723 362 879 411 David
904 378 1082 409 nomen
1113 362 1284 427 ipsius)
1317 372 1475 428 partes
1499 362 1680 411 habere
1695 400 1708 423 ,

294 441 371 490 vel
389 442 654 506 quidquam
677 439 739 488 de
759 455 819 487 eo
846 438 1027 487 audire.
1049 440 1322 504 Fuissetque
1347 439 1425 487 ille
1444 440 1708 501 virbonus,

294 520 379 584 qui
407 519 660 567 consilium
687 517 749 566 de
770 534 830 565 eo
863 517 1151 565 accersendo
1180 517 1485 578 acclamarat,
1512 535 1542 566 a
1573 518 1715 567 turba

294 594 498 643 laniatus
531 604 579 642 et
610 610 864 660 oppressus
879 630 893 655 ,
930 594 1022 641 nisi
1057 604 1241 642 mature
1275 611 1325 642 se
1355 594 1653 644 absentando
1685 613 1714 644 a

297 671 437 720 turba
465 688 552 737 per
577 671 815 719 occultam
839 670 999 735 fugam
1019 671 1145 719 elabi
1166 673 1411 737 potuisset.

359 748 516 796 Altero
542 758 702 797 autem
723 748 879 813 quod,
899 765 1012 796 cum
1041 748 1250 809 idolum,
1281 749 1415 814 quod
1436 750 1526 798 sibi
1546 750 1717 799 adver-

294 841 403 873 sum
418 826 643 874 eumdem
663 824 942 891 pontificem
961 826 1239 874 invexerant
1255 837 1398 890 atque
1420 820 1665 876 erexerant
1676 832 1687 854 ¹
1699 865 1712 888 ,

284 903 359 952 'ad
387 920 472 952 eos
497 905 699 952 misisset
726 904 998 970 pacandos,
1024 905 1220 969 singulis
1246 904 1482 952 artificum
1508 906 1718 970 collegiis

295 981 359 1030 ad
376 980 646 1030 bibendum
663 999 815 1030 unum
837 982 1023 1030 dolium
1047 983 1253 1031 cervisiae
1275 1000 1324 1031 se
1355 984 1595 1049 pollicitus
1622 985 1718 1034 da-

295 1067 457 1107 turum
468 1097 482 1122 ,
500 1060 721 1125 protinus
745 1061 796 1107 in
814 1077 923 1108 eam
941 1061 1186 1109 stultitiam
1205 1062 1377 1127 relapsi
1397 1072 1508 1109 sunt
1531 1073 1585 1110 ut
1607 1079 1719 1111 eum

295 1135 359 1184 ad
380 1136 583 1185 domum
610 1138 683 1185 sui
711 1139 985 1187 consulatus
1007 1140 1237 1202 accirent,
1263 1139 1449 1205 sibique
1471 1151 1719 1206 portarum

296 1213 497 1263 civitatis
514 1250 527 1275 ,
554 1231 674 1279 quas
695 1216 902 1264 tulerant
923 1232 952 1264 a
972 1217 1068 1264 suis
1088 1218 1300 1282 tyrannis
1313 1253 1326 1277 ,
1347 1218 1504 1266 claves
1520 1220 1722 1283 resigna·

296 1302 420 1352 rent,
450 1305 593 1357 atque
614 1293 852 1342 fidelitatis
874 1305 1171 1343 sacramenta
1191 1295 1316 1343 ultro
1343 1295 1389 1343 ei
1416 1306 1717 1361 praesstarent3

297 1372 382 1436 qui
419 1375 567 1420 aetatis
607 1373 794 1421 circiter
825 1390 1066 1422 annormn
1099 1391 1244 1435 xvm,
1279 1390 1370 1422 nec
1407 1373 1598 1439 litteris,
1634 1393 1722 1425 nec

208 1444 244 1503 'f
298 1450 501 1498 naturali
529 1450 783 1516 prudentia
813 1452 888 1499 vel
924 1451 1141 1501 moribus
1166 1453 1275 1501 ullis
1300 1452 1516 1519 probatis
1543 1456 1723 1502 emine-

297 1526 398 1576 bat.
424 1531 534 1587 Quo
557 1529 700 1591 facto,
727 1546 839 1576 cum
863 1530 953 1595 ipsi
975 1540 1106 1578 certo
1131 1547 1335 1578 numero
1357 1530 1600 1579 doliorum
1618 1548 1720 1580 cer-

298 1606 446 1666 visiae,
485 1623 591 1670 quae
618 1607 686 1655 eis
714 1608 949 1673 promissa
973 1608 1149 1668 fuerat,
1181 1625 1294 1656 suos
1319 1610 1722 1675 ventresjmples-

298 1692 402 1730 sent
422 1684 554 1748 (quae
570 1694 730 1732 tamen
750 1686 840 1751 ipsi
861 1686 1102 1734 exsolvere
1120 1695 1285 1751 postea
1304 1687 1540 1752 compulsi
1559 1688 1689 1749 sunt)
1706 1725 1718 1749 ,

299 1759 363 1808 ab
385 1761 591 1809 invicem
613 1760 934 1822 discedentes,
958 1763 1008 1809 in
1044 1762 1219 1810 domos
1247 1779 1356 1810 suas
1384 1763 1558 1826 singuli
1591 1763 1720 1812 abie—

301 1847 428 1885 nmt.
478 1891 482 1894 ⁴

366 1915 534 1963 Statim
555 1931 671 1963 vero
694 1915 860 1963 solutis
881 1932 908 1963 e
931 1932 1143 1976 carcere,
1164 1933 1287 1983 quos
1302 1918 1393 1983 ipsi
1411 1918 1718 1981 incluserant,

301 2001 350 2039 et
378 2009 491 2040 suos
522 1993 821 2056 magistratus
854 1994 998 2041 etiam
1034 2011 1147 2041 cum
1179 1994 1413 2060 ampliore
1442 1998 1723 2046 auctoritate

301 2070 717 2136 recuperantibus,
742 2071 907 2136 paucis
927 2071 1111 2120 effluxis
1126 2072 1296 2121 diebus
1310 2111 1323 2135 ,
1349 2091 1448 2122 uno
1466 2091 1524 2122 ex
1544 2075 1620 2124 his
1640 2077 1723 2141 qui

300 2147 580 2212 colligenda?
603 2159 650 2195 et
671 2149 979 2214 aggregandae
1001 2149 1197 2216 plebeiae
1218 2151 1536 2199 multitudinis
1557 2164 1725 2201 auctor

301 2226 560 2284 exstiterat,
587 2227 895 2292 tyrannisque
912 2229 927 2252 ²
963 2228 1225 2293 suspectior
1252 2228 1539 2290 habebatur,
1570 2233 1724 2296 capite

301 2301 443 2366 plexo
474 2303 589 2367 (sub
625 2313 853 2369 praetextu
891 2314 1051 2352 tamen
1092 2306 1294 2353 aliorum
1329 2308 1586 2356 criminum
1618 2325 1723 2372 quae

302 2394 428 2428 unus
458 2391 760 2447 perpetrasse
786 2381 1077 2447 ferebatur),
1113 2384 1193 2432 alii
1227 2401 1401 2433 novem
1432 2385 1599 2434 banno
1634 2405 1723 2452 pu-

302 2454 432 2505 blico
457 2460 710 2526 proscripti
735 2471 861 2508 sunt.

369 2535 472 2581 Hoc
506 2536 702 2600 quidem
741 2554 896 2585 unum
930 2538 981 2585 in
1022 2547 1093 2586 tot
1129 2556 1298 2588 eorum
1336 2541 1472 2589 malis
1504 2540 1719 2602 bonum,

362 2707 380 2743 1
391 2734 400 2743 .
432 2706 626 2759 Engilbert
643 2709 691 2747 de
708 2710 855 2750 eleves.

362 2768 401 2806 2.
434 2767 559 2806 Plutot
576 2779 745 2808 auctores
762 2774 1006 2820 astiterant,
1027 2779 1197 2822 tyrannis
1215 2780 1294 2825 qui.
