2060 3392
0 670 5 704 W*
2 636 13 657 κ,
0 603 8 628 sn,
0 404 11 558 -τἽἺννι-τῃ
11 327 13 330 ,

0 2991 13 3108 ππ

674 315 820 353 LIBER
848 316 1049 354 SEXTUS.
1524 323 1573 358 53

154 381 380 458 obsistere
399 401 448 455 se
466 421 604 472 posse
625 405 851 452 exercitui
884 406 1013 469 regio
1036 401 1352 471 conspiceret,
1378 418 1426 456 et
1441 409 1568 474 ipsa,

153 502 255 535 non
279 493 545 551 exspectata
567 481 846 543 obsidione,
866 483 1003 530 certis
1028 482 1211 547 legibus
1234 495 1281 532 et
1302 486 1452 550 pdctis
1473 488 1571 550 regi

154 581 205 612 se
225 563 487 630 parituram
503 559 761 626 promisit¹.
789 561 1004 623 Cumque
1027 560 1122 608 iuic
1143 561 1396 610 introiisset
1419 562 1574 610 domi·

154 657 245 688 nus
277 639 339 687 de
380 638 699 698 Chaumonffl,
731 635 913 700 legatus
954 639 1102 701 regis,
1146 639 1410 705 praecipuus
1453 641 1576 688 inter

153 715 302 770 duces
326 715 502 764 militiae
536 715 671 778 regiae
703 715 786 779 qui
812 715 907 762 illic
938 715 1164 779 aderant,
1196 733 1309 764 cum
1330 733 1503 781 magna
1529 728 1577 767 et

147 789 351 860 ⁴copiosa
371 793 578 841 militum
599 809 748 840 manu
765 830 777 852 ‚
804 794 1002 857 receptis
1036 794 1212 858 civium
1241 796 1545 844 sacramentis
1561 834 1573 858 ,

153 871 329 938 quibus
350 870 627 919 fidelitatem
650 872 746 934 regi
779 887 829 918 se
856 881 1122 919 servaturos
1150 871 1422 934 firmarunt,
1445 874 1577 921 nullo

155 949 273 1012 inibi
303 952 469 1000 relicto
504 951 708 998 militum
740 950 958 1016 praesidio
975 989 988 1012 ‚
1025 951 1274 1014 abscessit,
1311 954 1576 1003 custodiam

153 1020 357 1079 ciritati's
386 1029 498 1078 fidei
528 1029 703 1077 civium
730 1029 1056 1091 commutem,
1079 1029 1260 1077 eisdem
1281 1033 1575 1081 comminato

153 1103 314 1172 regem
338 1108 576 1156 civitatem
594 1123 729 1154 suam
748 1107 797 1153 in
816 1107 997 1154 cineres
1022 1107 1348 1171 redacturum,
1370 1111 1409 1157 si
1433 1110 1577 1159 fidem

152 1176 242 1232 sibi
267 1184 429 1233 datam
458 1201 514 1232 ac
548 1185 803 1250 praestitam
827 1183 1028 1249 posthac
1061 1185 1296 1233 ullatenus
1324 1187 1573 1235 violarent.

218 1263 296 1311 Sic
332 1263 492 1327 itaque
522 1263 804 1325 Burgundiae
840 1263 1110 1324 comitatus,
1136 1264 1301 1328 paucis
1322 1264 1371 1311 in
1404 1266 1577 1312 mensi-

153 1339 263 1402 bus,
280 1350 409 1388 totus
429 1350 499 1388 est
521 1338 611 1387 sub
631 1340 863 1387 ditionem
883 1341 1062 1404 regiam
1083 1340 1352 1388 devolutus.

219 1419 402 1465 Rumor
453 1427 567 1464 tunc
603 1416 842 1482 aliquibus
882 1417 1051 1465 diebus
1091 1418 1289 1466 invaluit
1323 1418 1577 1468 dominum

154 1492 216 1541 de
250 1487 473 1560 Argueil,
501 1494 767 1559 principem
807 1495 1060 1556 Auraciae⁸,
1087 1511 1199 1542 cum
1232 1495 1391 1559 aliqua
1429 1513 1578 1544 manu

153 1571 443 1618 Suitensium
486 1569 721 1618 nonnulla
766 1580 919 1617 castra
947 1580 995 1618 et
1030 1571 1207 1636 oppida
1246 1588 1573 1636 recuperasse3

155 1645 385 1710 quodque
406 1662 518 1693 cum
544 1645 682 1710 regiis
720 1643 951 1692 militibus
971 1646 1082 1692 satis
1110 1646 1268 1694 felicer
1298 1647 1547 1695 dimicarat
1560 1686 1573 1710 ,

155 1720 317 1769 multis
334 1719 544 1768 millibus
555 1738 613 1769 ex
627 1720 740 1786 ipsis
757 1721 887 1767 caesis
908 1730 956 1767 et
972 1722 1138 1786 captis.
1155 1725 1412 1787 Acceperat
1426 1723 1574 1783 enim,

154 1797 223 1845 uti
245 1796 501 1864 ferebatur,
531 1815 589 1844 xr„
610 1797 758 1845 millia
777 1807 910 1844 scuta
934 1798 1038 1845 auri
1062 1814 1091 1845 a
1118 1799 1254 1846 terris
1275 1798 1505 1846 Flandriae
1532 1809 1580 1846 et

156 1874 437 1935 Brahantiae‚
459 1885 512 1922 ut
533 1875 856 1940 Burgundiam
877 1885 1047 1923 contra
1065 1876 1298 1941 impetum
1314 1877 1430 1940 regii
1450 1893 1580 1924 exer-

156 1951 277 1999 citus
312 1960 560 1999 tutaretur.
595 1951 690 1998 Sed
714 1967 815 1998 non
834 1950 918 1998 diu
937 1950 1134 2015 hujusce
1159 1968 1324 1999 rumor
1350 1952 1578 2017 perdura·

157 2029 241 2090 vit,
267 2029 415 2096 quin,
439 2029 603 2094 paucis
625 2028 809 2076 effluxis
837 2027 1032 2090 diebus,
1057 2046 1208 2076 vanus
1238 2046 1294 2077 ac
1319 2030 1579 2078 mendosus

157 2107 298 2156 fuisse
318 2123 514 2174 prorsus
542 2116 816 2172 compertus
832 2105 1024 2172 [fuerit]

212 2266 250 2302 1.
281 2265 356 2303 Par
385 2263 526 2302 accord
554 2263 664 2315 passe
691 2263 727 2300 le
753 2265 776 2301 3
801 2262 886 2310 juin
913 2263 1031 2310 1479,
1059 2275 1135 2314 que
1159 2262 1274 2301 Louis
1307 2264 1365 2300 XI
1392 2263 1516 2300 ratifia
1546 2263 1581 2301 le

158 2327 184 2364 8·
195 2325 322 2375 juillet
338 2326 506 2366 suivant.
530 2327 646 2376 Cor-ps
665 2327 941 2376 de'plomatique
958 2324 1007 2364 de
1024 2327 1214 2372 Dumont,
1234 2332 1262 2363 t.
1277 2327 1333 2363 111
1353 2328 1408 2373 (2⁰
1428 2325 1579 2376 partie),

188 2418 198 2428 .
221 2391 287 2428 68.

157 2403 185 2442 p
211 2458 250 2494 2.
281 2456 436 2496 Charles
453 2455 690 2503 d’Amboise,
712 2456 890 2508 seigneur
913 2455 962 2494 de
985 2455 1431 2502 Chaumont·sur·Loire‚
1458 2464 1583 2493 comte

159 2518 207 2556 de
226 2518 390 2557 Brienne
413 2527 452 2558 et
467 2531 712 2571 gouverneur
730 2518 779 2557 de
798 2518 1057 2570 Champagne.

216 2583 254 2620 3.
283 2584 337 2620 Le
358 2582 490 2635 prince
512 2582 718 2635 d’Orange,
740 2582 917 2634 seigneur
936 2580 1133 2633 d'Arguel.
