<?xml version="1.0" encoding="UTF-8"?>
<!DOCTYPE html PUBLIC "-//W3C//DTD XHTML 1.0 Transitional//EN"
    "http://www.w3.org/TR/xhtml1/DTD/xhtml1-transitional.dtd">
<html xmlns="http://www.w3.org/1999/xhtml" xml:lang="en" lang="en">
 <head>
  <title>
</title>
<meta http-equiv="Content-Type" content="text/html;charset=utf-8" />
  <meta name='ocr-system' content='tesseract 3.04.00' />
  <meta name='ocr-capabilities' content='ocr_page ocr_carea ocr_par ocr_line ocrx_word'/>
</head>
<body>
  <div class='ocr_page' id='page_1' title='image "./histoiredesrgn03basiuoft_0295.png"; bbox 0 0 2060 3392; ppageno 0'>
   <div class='ocr_carea' id='block_1_1' title="bbox 714 341 1600 380">
    <p class='ocr_par' dir='ltr' id='par_1_1' title="bbox 714 341 1600 380">
     <span class='ocr_line' id='line_1_1' title="bbox 714 341 1600 380; baseline 0.002 -2"><span class='ocrx_word' id='word_1_1' title='bbox 714 342 862 378; x_wconf 83' lang='lat' dir='ltr'>LIBER</span> <span class='ocrx_word' id='word_1_2' title='bbox 890 341 1089 380; x_wconf 77' lang='lat' dir='ltr'><strong>PRIMUS.</strong></span> <span class='ocrx_word' id='word_1_3' title='bbox 1522 343 1600 380; x_wconf 62' lang='lat'><strong>2125</strong></span> 
     </span>
    </p>
   </div>
   <div class='ocr_carea' id='block_1_2' title="bbox 133 419 1613 1655">
    <p class='ocr_par' dir='ltr' id='par_1_2' title="bbox 133 419 1613 1655">
     <span class='ocr_line' id='line_1_2' title="bbox 189 419 1597 496; baseline 0 -20"><span class='ocrx_word' id='word_1_4' title='bbox 189 429 332 477; x_wconf 82' lang='lat' dir='ltr'><strong>stolas</strong></span> <span class='ocrx_word' id='word_1_5' title='bbox 353 443 464 476; x_wconf 87' lang='lat' dir='ltr'><strong>cum</strong></span> <span class='ocrx_word' id='word_1_6' title='bbox 487 428 894 491; x_wconf 85' lang='lat' dir='ltr'><strong>instructionibus,</strong></span> <span class='ocrx_word' id='word_1_7' title='bbox 919 430 1055 477; x_wconf 90' lang='lat' dir='ltr'><strong>sicuti</strong></span> <span class='ocrx_word' id='word_1_8' title='bbox 1077 430 1139 478; x_wconf 92' lang='lat' dir='ltr'><strong>ad</strong></span> <span class='ocrx_word' id='word_1_9' title='bbox 1159 419 1305 496; x_wconf 85' lang='lat' dir='ltr'><strong>ipsos,</strong></span> <span class='ocrx_word' id='word_1_10' title='bbox 1332 430 1563 478; x_wconf 85' lang='lat' dir='ltr'><strong>detulerat</strong></span> <span class='ocrx_word' id='word_1_11' title='bbox 1587 449 1597 476; x_wconf 91' lang='lat'><strong>:</strong></span> 
     </span>
     <span class='ocr_line' id='line_1_3' title="bbox 189 506 1604 572; baseline 0.001 -18"><span class='ocrx_word' id='word_1_12' title='bbox 189 506 332 554; x_wconf 78' lang='lat' dir='ltr'><strong>veriti</strong></span> <span class='ocrx_word' id='word_1_13' title='bbox 362 516 558 571; x_wconf 86' lang='lat' dir='ltr'><strong>propter</strong></span> <span class='ocrx_word' id='word_1_14' title='bbox 591 523 698 554; x_wconf 90' lang='lat' dir='ltr'><strong>eam</strong></span> <span class='ocrx_word' id='word_1_15' title='bbox 732 523 834 554; x_wconf 91' lang='lat' dir='ltr'><strong>rem</strong></span> <span class='ocrx_word' id='word_1_16' title='bbox 866 507 1002 570; x_wconf 83' lang='lat' dir='ltr'><strong>regiae</strong></span> <span class='ocrx_word' id='word_1_17' title='bbox 1035 508 1290 572; x_wconf 88' lang='lat' dir='ltr'><strong>majestatis</strong></span> <span class='ocrx_word' id='word_1_18' title='bbox 1321 508 1604 572; x_wconf 86' lang='lat' dir='ltr'><strong>indignatio-</strong></span> 
     </span>
     <span class='ocr_line' id='line_1_4' title="bbox 190 575 1610 647; baseline 0.001 -19"><span class='ocrx_word' id='word_1_19' title='bbox 190 591 315 628; x_wconf 88' lang='lat' dir='ltr'><strong>nem-</strong></span> <span class='ocrx_word' id='word_1_20' title='bbox 332 581 572 628; x_wconf 83' lang='lat' dir='ltr'><strong>incurrere</strong></span> <span class='ocrx_word' id='word_1_21' title='bbox 585 617 598 641; x_wconf 93' lang='lat'>‚</span> <span class='ocrx_word' id='word_1_22' title='bbox 635 580 885 645; x_wconf 86' lang='lat' dir='ltr'><strong>eidemque</strong></span> <span class='ocrx_word' id='word_1_23' title='bbox 919 592 1162 647; x_wconf 90' lang='lat' dir='ltr'><strong>suspectos</strong></span> <span class='ocrx_word' id='word_1_24' title='bbox 1187 581 1288 629; x_wconf 84' lang='lat' dir='ltr'><strong>fieri</strong></span> <span class='ocrx_word' id='word_1_25' title='bbox 1310 582 1420 647; x_wconf 88' lang='lat' dir='ltr'><strong>(qui</strong></span> <span class='ocrx_word' id='word_1_26' title='bbox 1443 575 1610 630; x_wconf 84' lang='lat' dir='ltr'><strong>omnia</strong></span> 
     </span>
     <span class='ocr_line' id='line_1_5' title="bbox 190 657 1602 725; baseline 0 -18"><span class='ocrx_word' id='word_1_27' title='bbox 190 657 571 707; x_wconf 76' lang='lat' dir='ltr'><strong>machinamenta</strong></span> <span class='ocrx_word' id='word_1_28' title='bbox 601 658 685 706; x_wconf 88' lang='lat' dir='ltr'><strong>filii</strong></span> <span class='ocrx_word' id='word_1_29' title='bbox 706 660 779 706; x_wconf 90' lang='lat' dir='ltr'><strong>sui</strong></span> <span class='ocrx_word' id='word_1_30' title='bbox 805 670 1021 725; x_wconf 87' lang='lat' dir='ltr'><strong>suspecta</strong></span> <span class='ocrx_word' id='word_1_31' title='bbox 1049 660 1357 707; x_wconf 82' lang='lat' dir='ltr'><strong>vehementer</strong></span> <span class='ocrx_word' id='word_1_32' title='bbox 1381 659 1602 720; x_wconf 87' lang='lat' dir='ltr'><strong>haberet,</strong></span> 
     </span>
     <span class='ocr_line' id='line_1_6' title="bbox 190 735 1606 802; baseline 0.001 -20"><span class='ocrx_word' id='word_1_33' title='bbox 190 745 237 783; x_wconf 89' lang='lat' dir='ltr'><strong>et</strong></span> <span class='ocrx_word' id='word_1_34' title='bbox 258 735 555 801; x_wconf 88' lang='lat' dir='ltr'><strong>potissimum</strong></span> <span class='ocrx_word' id='word_1_35' title='bbox 575 753 633 783; x_wconf 79' lang='lat' dir='ltr'><strong>ex</strong></span> <span class='ocrx_word' id='word_1_36' title='bbox 657 753 715 784; x_wconf 89' lang='lat' dir='ltr'><strong>eo</strong></span> <span class='ocrx_word' id='word_1_37' title='bbox 733 737 867 801; x_wconf 90' lang='lat' dir='ltr'><strong>quod</strong></span> <span class='ocrx_word' id='word_1_38' title='bbox 892 737 1021 784; x_wconf 91' lang='lat' dir='ltr'><strong>idem</strong></span> <span class='ocrx_word' id='word_1_39' title='bbox 1038 736 1178 798; x_wconf 89' lang='lat' dir='ltr'><strong>filius,</strong></span> <span class='ocrx_word' id='word_1_40' title='bbox 1199 753 1321 801; x_wconf 91' lang='lat' dir='ltr'><strong>quos</strong></span> <span class='ocrx_word' id='word_1_41' title='bbox 1341 746 1533 802; x_wconf 78' lang='lat' dir='ltr'><strong>poterat</strong></span> <span class='ocrx_word' id='word_1_42' title='bbox 1546 737 1606 784; x_wconf 93' lang='lat' dir='ltr'><strong>de</strong></span> 
     </span>
     <span class='ocr_line' id='line_1_7' title="bbox 191 813 1609 879; baseline -0.001 -18"><span class='ocrx_word' id='word_1_43' title='bbox 191 813 417 861; x_wconf 86' lang='lat' dir='ltr'><strong>militibus</strong></span> <span class='ocrx_word' id='word_1_44' title='bbox 434 813 731 879; x_wconf 91' lang='lat' dir='ltr'><strong>ducibusque</strong></span> <span class='ocrx_word' id='word_1_45' title='bbox 747 816 955 879; x_wconf 89' lang='lat' dir='ltr'><strong>paternis</strong></span> <span class='ocrx_word' id='word_1_46' title='bbox 968 813 1246 862; x_wconf 86' lang='lat' dir='ltr'><strong>muneribus</strong></span> <span class='ocrx_word' id='word_1_47' title='bbox 1263 824 1346 861; x_wconf 90' lang='lat' dir='ltr'><strong>aut</strong></span> <span class='ocrx_word' id='word_1_48' title='bbox 1366 814 1609 879; x_wconf 88' lang='lat' dir='ltr'><strong>promissis</strong></span> 
     </span>
     <span class='ocr_line' id='line_1_8' title="bbox 190 890 1605 958; baseline -0.001 -19"><span class='ocrx_word' id='word_1_49' title='bbox 190 890 458 957; x_wconf 79' lang='lat' dir='ltr'><strong>pelliciebat</strong></span> <span class='ocrx_word' id='word_1_50' title='bbox 489 902 535 939; x_wconf 92' lang='lat' dir='ltr'><strong>et</strong></span> <span class='ocrx_word' id='word_1_51' title='bbox 555 892 617 940; x_wconf 93' lang='lat' dir='ltr'><strong>ad</strong></span> <span class='ocrx_word' id='word_1_52' title='bbox 638 908 687 939; x_wconf 92' lang='lat' dir='ltr'><strong>se</strong></span> <span class='ocrx_word' id='word_1_53' title='bbox 708 892 903 956; x_wconf 85' lang='lat' dir='ltr'><strong>singulis</strong></span> <span class='ocrx_word' id='word_1_54' title='bbox 926 909 1076 958; x_wconf 89' lang='lat' dir='ltr'><strong>prope</strong></span> <span class='ocrx_word' id='word_1_55' title='bbox 1101 891 1271 939; x_wconf 89' lang='lat' dir='ltr'><strong>diebus</strong></span> <span class='ocrx_word' id='word_1_56' title='bbox 1293 890 1605 954; x_wconf 87' lang='lat' dir='ltr'><strong>attrahebat),</strong></span> 
     </span>
     <span class='ocr_line' id='line_1_9' title="bbox 190 968 1611 1034; baseline -0.001 -20"><span class='ocrx_word' id='word_1_57' title='bbox 190 978 499 1034; x_wconf 84' lang='lat' dir='ltr'><strong>properanter</strong></span> <span class='ocrx_word' id='word_1_58' title='bbox 537 969 785 1034; x_wconf 89' lang='lat' dir='ltr'><strong>epistolam</strong></span> <span class='ocrx_word' id='word_1_59' title='bbox 825 985 971 1033; x_wconf 90' lang='lat' dir='ltr'><strong>quam</strong></span> <span class='ocrx_word' id='word_1_60' title='bbox 1012 985 1341 1034; x_wconf 88' lang='lat' dir='ltr'><strong>receperamus</strong></span> <span class='ocrx_word' id='word_1_61' title='bbox 1380 984 1490 1014; x_wconf 92' lang='lat' dir='ltr'><strong>cum</strong></span> <span class='ocrx_word' id='word_1_62' title='bbox 1525 968 1611 1014; x_wconf 91' lang='lat' dir='ltr'><strong>in—</strong></span> 
     </span>
     <span class='ocr_line' id='line_1_10' title="bbox 192 1046 1608 1112; baseline 0 -20"><span class='ocrx_word' id='word_1_63' title='bbox 192 1046 529 1094; x_wconf 88' lang='lat' dir='ltr'><strong>structionibus</strong></span> <span class='ocrx_word' id='word_1_64' title='bbox 547 1047 760 1094; x_wconf 89' lang='lat' dir='ltr'><strong>misimus</strong></span> <span class='ocrx_word' id='word_1_65' title='bbox 781 1047 839 1094; x_wconf 92' lang='lat' dir='ltr'><strong>ad</strong></span> <span class='ocrx_word' id='word_1_66' title='bbox 858 1063 1035 1110; x_wconf 87' lang='lat' dir='ltr'><strong>regem,</strong></span> <span class='ocrx_word' id='word_1_67' title='bbox 1058 1063 1144 1112; x_wconf 89' lang='lat' dir='ltr'><strong>per</strong></span> <span class='ocrx_word' id='word_1_68' title='bbox 1157 1047 1334 1094; x_wconf 85' lang='lat' dir='ltr'><strong>litteras</strong></span> <span class='ocrx_word' id='word_1_69' title='bbox 1357 1062 1446 1092; x_wconf 91' lang='lat' dir='ltr'><strong>nos</strong></span> <span class='ocrx_word' id='word_1_70' title='bbox 1466 1062 1608 1092; x_wconf 89' lang='lat' dir='ltr'><strong>excu-</strong></span> 
     </span>
     <span class='ocr_line' id='line_1_11' title="bbox 192 1120 1607 1188; baseline -0.001 -20"><span class='ocrx_word' id='word_1_71' title='bbox 192 1130 348 1168; x_wconf 84' lang='lat' dir='ltr'><strong>santes</strong></span> <span class='ocrx_word' id='word_1_72' title='bbox 378 1122 510 1186; x_wconf 87' lang='lat' dir='ltr'><strong>quod</strong></span> <span class='ocrx_word' id='word_1_73' title='bbox 533 1138 639 1170; x_wconf 90' lang='lat' dir='ltr'><strong>eam</strong></span> <span class='ocrx_word' id='word_1_74' title='bbox 672 1139 774 1169; x_wconf 90' lang='lat' dir='ltr'><strong>rem</strong></span> <span class='ocrx_word' id='word_1_75' title='bbox 808 1138 904 1169; x_wconf 93' lang='lat' dir='ltr'><strong>non</strong></span> <span class='ocrx_word' id='word_1_76' title='bbox 943 1122 1080 1169; x_wconf 86' lang='lat' dir='ltr'><strong>citius</strong></span> <span class='ocrx_word' id='word_1_77' title='bbox 1112 1120 1201 1188; x_wconf 90' lang='lat' dir='ltr'><strong>sibi</strong></span> <span class='ocrx_word' id='word_1_78' title='bbox 1237 1121 1607 1180; x_wconf 87' lang='lat' dir='ltr'><strong>nuntiassemus,</strong></span> 
     </span>
     <span class='ocr_line' id='line_1_12' title="bbox 194 1197 1612 1263; baseline -0.003 -15"><span class='ocrx_word' id='word_1_79' title='bbox 194 1197 327 1263; x_wconf 80' lang='lat' dir='ltr'><strong>quod</strong></span> <span class='ocrx_word' id='word_1_80' title='bbox 350 1201 547 1248; x_wconf 90' lang='lat' dir='ltr'><strong>minime</strong></span> <span class='ocrx_word' id='word_1_81' title='bbox 572 1201 887 1248; x_wconf 88' lang='lat' dir='ltr'><strong>necessarium</strong></span> <span class='ocrx_word' id='word_1_82' title='bbox 908 1201 1331 1261; x_wconf 85' lang='lat' dir='ltr'><strong>aestimaveramus,</strong></span> <span class='ocrx_word' id='word_1_83' title='bbox 1359 1215 1471 1245; x_wconf 90' lang='lat' dir='ltr'><strong>cum</strong></span> <span class='ocrx_word' id='word_1_84' title='bbox 1493 1197 1612 1244; x_wconf 93' lang='lat' dir='ltr'><strong>nihil</strong></span> 
     </span>
     <span class='ocr_line' id='line_1_13' title="bbox 194 1267 1612 1341; baseline -0.003 -17"><span class='ocrx_word' id='word_1_85' title='bbox 194 1267 455 1326; x_wconf 76' lang='lat' dir='ltr'><strong>molitionis</strong></span> <span class='ocrx_word' id='word_1_86' title='bbox 484 1286 651 1324; x_wconf 89' lang='lat' dir='ltr'><strong>contra</strong></span> <span class='ocrx_word' id='word_1_87' title='bbox 683 1277 975 1341; x_wconf 85' lang='lat' dir='ltr'><strong>majestatem</strong></span> <span class='ocrx_word' id='word_1_88' title='bbox 1007 1292 1142 1323; x_wconf 92' lang='lat' dir='ltr'><strong>suam</strong></span> <span class='ocrx_word' id='word_1_89' title='bbox 1171 1276 1494 1335; x_wconf 87' lang='lat' dir='ltr'><strong>continerent,</strong></span> <span class='ocrx_word' id='word_1_90' title='bbox 1531 1291 1612 1320; x_wconf 92' lang='lat' dir='ltr'><strong>re-</strong></span> 
     </span>
     <span class='ocr_line' id='line_1_14' title="bbox 133 1356 1607 1426; baseline -0.003 -20"><span class='ocrx_word' id='word_1_91' title='bbox 133 1416 141 1426; x_wconf 44' lang='lat'><strong>·</strong></span> <span class='ocrx_word' id='word_1_92' title='bbox 195 1366 426 1424; x_wconf 85' lang='lat' dir='ltr'><strong>sponsum</strong></span> <span class='ocrx_word' id='word_1_93' title='bbox 456 1358 599 1406; x_wconf 86' lang='lat' dir='ltr'><strong>etiam</strong></span> <span class='ocrx_word' id='word_1_94' title='bbox 631 1357 763 1422; x_wconf 91' lang='lat' dir='ltr'><strong>quod</strong></span> <span class='ocrx_word' id='word_1_95' title='bbox 786 1357 955 1404; x_wconf 91' lang='lat' dir='ltr'><strong>nuntio</strong></span> <span class='ocrx_word' id='word_1_96' title='bbox 988 1356 1270 1404; x_wconf 87' lang='lat' dir='ltr'><strong>dederamus</strong></span> <span class='ocrx_word' id='word_1_97' title='bbox 1299 1356 1607 1402; x_wconf 87' lang='lat' dir='ltr'><strong>insinuantes.</strong></span> 
     </span>
     <span class='ocr_line' id='line_1_15' title="bbox 197 1427 1613 1497; baseline -0.004 -14"><span class='ocrx_word' id='word_1_98' title='bbox 197 1427 293 1484; x_wconf 59' lang='lat' dir='ltr'><strong>R&#39;ex</strong></span> <span class='ocrx_word' id='word_1_99' title='bbox 313 1445 473 1484; x_wconf 89' lang='lat' dir='ltr'><strong>autem</strong></span> <span class='ocrx_word' id='word_1_100' title='bbox 505 1435 895 1483; x_wconf 89' lang='lat' dir='ltr'><strong>clementissimus</strong></span> <span class='ocrx_word' id='word_1_101' title='bbox 927 1434 1281 1482; x_wconf 82' lang='lat' dir='ltr'><strong>excusationem</strong></span> <span class='ocrx_word' id='word_1_102' title='bbox 1304 1432 1499 1497; x_wconf 90' lang='lat' dir='ltr'><strong>quidem</strong></span> <span class='ocrx_word' id='word_1_103' title='bbox 1526 1431 1613 1478; x_wconf 88' lang='lat' dir='ltr'><strong>be-</strong></span> 
     </span>
     <span class='ocr_line' id='line_1_16' title="bbox 195 1509 1612 1578; baseline -0.004 -18"><span class='ocrx_word' id='word_1_104' title='bbox 195 1514 339 1577; x_wconf 83' lang='lat' dir='ltr'><strong>nigne</strong></span> <span class='ocrx_word' id='word_1_105' title='bbox 368 1513 595 1578; x_wconf 82' lang='lat' dir='ltr'><strong>suscepit3</strong></span> <span class='ocrx_word' id='word_1_106' title='bbox 629 1511 713 1559; x_wconf 90' lang='lat' dir='ltr'><strong>sed</strong></span> <span class='ocrx_word' id='word_1_107' title='bbox 740 1519 840 1559; x_wconf 90' lang='lat' dir='ltr'><strong>tota</strong></span> <span class='ocrx_word' id='word_1_108' title='bbox 863 1511 932 1558; x_wconf 92' lang='lat' dir='ltr'><strong>rei</strong></span> <span class='ocrx_word' id='word_1_109' title='bbox 961 1510 1102 1558; x_wconf 90' lang='lat' dir='ltr'><strong>series</strong></span> <span class='ocrx_word' id='word_1_110' title='bbox 1129 1519 1176 1556; x_wconf 90' lang='lat' dir='ltr'><strong>et</strong></span> <span class='ocrx_word' id='word_1_111' title='bbox 1205 1509 1321 1573; x_wconf 87' lang='lat' dir='ltr'><strong>quid</strong></span> <span class='ocrx_word' id='word_1_112' title='bbox 1357 1525 1446 1556; x_wconf 91' lang='lat' dir='ltr'><strong>nos</strong></span> <span class='ocrx_word' id='word_1_113' title='bbox 1474 1518 1612 1556; x_wconf 87' lang='lat' dir='ltr'><strong>caete-</strong></span> 
     </span>
     <span class='ocr_line' id='line_1_17' title="bbox 195 1585 1612 1655; baseline -0.004 -17"><span class='ocrx_word' id='word_1_114' title='bbox 195 1591 353 1655; x_wconf 86' lang='lat' dir='ltr'><strong>rique,</strong></span> <span class='ocrx_word' id='word_1_115' title='bbox 392 1589 454 1637; x_wconf 91' lang='lat' dir='ltr'><strong>ad</strong></span> <span class='ocrx_word' id='word_1_116' title='bbox 492 1605 614 1654; x_wconf 91' lang='lat' dir='ltr'><strong>quos</strong></span> <span class='ocrx_word' id='word_1_117' title='bbox 655 1589 928 1653; x_wconf 86' lang='lat' dir='ltr'><strong>scripserat,</strong></span> <span class='ocrx_word' id='word_1_118' title='bbox 977 1587 1268 1648; x_wconf 85' lang='lat' dir='ltr'><strong>fecissemus,</strong></span> <span class='ocrx_word' id='word_1_119' title='bbox 1309 1586 1399 1652; x_wconf 92' lang='lat' dir='ltr'><strong>ipsi</strong></span> <span class='ocrx_word' id='word_1_120' title='bbox 1432 1585 1612 1633; x_wconf 83' lang='lat' dir='ltr'><strong>delfino</strong></span> 
     </span>
    </p>
   </div>
   <div class='ocr_carea' id='block_1_3' title="bbox 119 1664 1673 1729">
    <p class='ocr_par' dir='ltr' id='par_1_3' title="bbox 119 1664 1673 1729">
     <span class='ocr_line' id='line_1_18' title="bbox 119 1664 1673 1729; baseline -0.004 -13"><span class='ocrx_word' id='word_1_121' title='bbox 119 1705 127 1708; x_wconf 83' lang='lat'><em>-</em></span> <span class='ocrx_word' id='word_1_122' title='bbox 196 1666 354 1716; x_wconf 66' lang='lat' dir='ltr'><strong>statim</strong></span> <span class='ocrx_word' id='word_1_123' title='bbox 389 1668 611 1715; x_wconf 91' lang='lat' dir='ltr'><strong>innotuit.</strong></span> <span class='ocrx_word' id='word_1_124' title='bbox 652 1665 871 1714; x_wconf 86' lang='lat' dir='ltr'><strong>Habebat</strong></span> <span class='ocrx_word' id='word_1_125' title='bbox 899 1666 1028 1713; x_wconf 87' lang='lat' dir='ltr'><strong>enim</strong></span> <span class='ocrx_word' id='word_1_126' title='bbox 1058 1666 1108 1712; x_wconf 93' lang='lat' dir='ltr'><strong>in</strong></span> <span class='ocrx_word' id='word_1_127' title='bbox 1135 1664 1284 1712; x_wconf 90' lang='lat' dir='ltr'><strong>domo</strong></span> <span class='ocrx_word' id='word_1_128' title='bbox 1311 1674 1509 1729; x_wconf 90' lang='lat' dir='ltr'><strong>paterna</strong></span> <span class='ocrx_word' id='word_1_129' title='bbox 1530 1665 1614 1728; x_wconf 88' lang='lat' dir='ltr'><strong>qui</strong></span> <span class='ocrx_word' id='word_1_130' title='bbox 1666 1713 1673 1721; x_wconf 64' lang='lat'>‚</span> 
     </span>
    </p>
   </div>
   <div class='ocr_carea' id='block_1_4' title="bbox 199 1742 1626 2735">
    <p class='ocr_par' dir='ltr' id='par_1_4' title="bbox 199 1742 1427 1811">
     <span class='ocr_line' id='line_1_19' title="bbox 199 1742 1427 1811; baseline -0.004 -19"><span class='ocrx_word' id='word_1_131' title='bbox 199 1748 370 1811; x_wconf 80' lang='lat' dir='ltr'><strong>cuncta</strong></span> <span class='ocrx_word' id='word_1_132' title='bbox 389 1745 506 1806; x_wconf 91' lang='lat' dir='ltr'><strong>sibi,</strong></span> <span class='ocrx_word' id='word_1_133' title='bbox 531 1761 636 1809; x_wconf 87' lang='lat' dir='ltr'><strong>quae</strong></span> <span class='ocrx_word' id='word_1_134' title='bbox 665 1761 804 1792; x_wconf 88' lang='lat' dir='ltr'><strong>nosse</strong></span> <span class='ocrx_word' id='word_1_135' title='bbox 827 1743 1112 1808; x_wconf 86' lang='lat' dir='ltr'><strong>potuissent,</strong></span> <span class='ocrx_word' id='word_1_136' title='bbox 1139 1742 1427 1788; x_wconf 85' lang='lat' dir='ltr'><strong>nuntiarent.</strong></span> 
     </span>
    </p>

    <p class='ocr_par' dir='ltr' id='par_1_5' title="bbox 201 1810 1626 2735">
     <span class='ocr_line' id='line_1_20' title="bbox 240 1810 1614 1890; baseline -0.004 -21"><span class='ocrx_word' id='word_1_137' title='bbox 240 1819 242 1822; x_wconf 58' lang='grc'>’</span> <span class='ocrx_word' id='word_1_138' title='bbox 265 1810 333 1868; x_wconf 79' lang='lat' dir='ltr'><strong>Ex</strong></span> <span class='ocrx_word' id='word_1_139' title='bbox 359 1821 442 1869; x_wconf 87' lang='lat' dir='ltr'><strong>illo</strong></span> <span class='ocrx_word' id='word_1_140' title='bbox 466 1837 580 1890; x_wconf 84' lang='lat' dir='ltr'><strong>ergo</strong></span> <span class='ocrx_word' id='word_1_141' title='bbox 595 1858 608 1882; x_wconf 94' lang='lat'><strong>,</strong></span> <span class='ocrx_word' id='word_1_142' title='bbox 644 1830 697 1867; x_wconf 92' lang='lat' dir='ltr'><strong>ut</strong></span> <span class='ocrx_word' id='word_1_143' title='bbox 730 1820 967 1883; x_wconf 88' lang='lat' dir='ltr'><strong>conjicere</strong></span> <span class='ocrx_word' id='word_1_144' title='bbox 989 1835 1264 1887; x_wconf 85' lang='lat' dir='ltr'><strong>possumus,</strong></span> <span class='ocrx_word' id='word_1_145' title='bbox 1294 1819 1404 1865; x_wconf 89' lang='lat' dir='ltr'><strong>licet</strong></span> <span class='ocrx_word' id='word_1_146' title='bbox 1432 1827 1614 1864; x_wconf 89' lang='lat' dir='ltr'><strong>certum</strong></span> 
     </span>
     <span class='ocr_line' id='line_1_21' title="bbox 201 1895 1616 1958; baseline -0.002 -13"><span class='ocrx_word' id='word_1_147' title='bbox 201 1899 401 1946; x_wconf 83' lang='lat' dir='ltr'><strong>omnino</strong></span> <span class='ocrx_word' id='word_1_148' title='bbox 444 1915 544 1946; x_wconf 93' lang='lat' dir='ltr'><strong>non</strong></span> <span class='ocrx_word' id='word_1_149' title='bbox 575 1898 862 1958; x_wconf 89' lang='lat' dir='ltr'><strong>habeamus,</strong></span> <span class='ocrx_word' id='word_1_150' title='bbox 909 1897 1008 1945; x_wconf 91' lang='lat' dir='ltr'><strong>odii</strong></span> <span class='ocrx_word' id='word_1_151' title='bbox 1049 1896 1200 1943; x_wconf 90' lang='lat' dir='ltr'><strong>fomes</strong></span> <span class='ocrx_word' id='word_1_152' title='bbox 1242 1895 1493 1943; x_wconf 86' lang='lat' dir='ltr'><strong>adversum</strong></span> <span class='ocrx_word' id='word_1_153' title='bbox 1526 1913 1616 1943; x_wconf 91' lang='lat' dir='ltr'><strong>nos</strong></span> 
     </span>
     <span class='ocr_line' id='line_1_22' title="bbox 201 1964 1615 2040; baseline -0.001 -18"><span class='ocrx_word' id='word_1_154' title='bbox 201 1964 371 2024; x_wconf 84' lang='lat' dir='ltr'><strong>exoriri</strong></span> <span class='ocrx_word' id='word_1_155' title='bbox 392 1976 703 2023; x_wconf 89' lang='lat' dir='ltr'><strong>verisimiliter</strong></span> <span class='ocrx_word' id='word_1_156' title='bbox 727 1976 907 2040; x_wconf 90' lang='lat' dir='ltr'><strong>potuit,</strong></span> <span class='ocrx_word' id='word_1_157' title='bbox 945 1975 1080 2038; x_wconf 89' lang='lat' dir='ltr'><strong>quasi</strong></span> <span class='ocrx_word' id='word_1_158' title='bbox 1111 1991 1160 2021; x_wconf 91' lang='lat' dir='ltr'><strong>se</strong></span> <span class='ocrx_word' id='word_1_159' title='bbox 1181 1991 1211 2022; x_wconf 91' lang='lat' dir='ltr'><strong>a</strong></span> <span class='ocrx_word' id='word_1_160' title='bbox 1234 1973 1374 2021; x_wconf 90' lang='lat' dir='ltr'><strong>nobis</strong></span> <span class='ocrx_word' id='word_1_161' title='bbox 1405 1984 1615 2039; x_wconf 88' lang='lat' dir='ltr'><strong>spretum</strong></span> 
     </span>
     <span class='ocr_line' id='line_1_23' title="bbox 201 2050 1617 2118; baseline -0.003 -17"><span class='ocrx_word' id='word_1_162' title='bbox 201 2070 312 2102; x_wconf 90' lang='lat' dir='ltr'><strong>cum</strong></span> <span class='ocrx_word' id='word_1_163' title='bbox 345 2054 421 2102; x_wconf 92' lang='lat' dir='ltr'><strong>his</strong></span> <span class='ocrx_word' id='word_1_164' title='bbox 453 2071 557 2118; x_wconf 84' lang='lat' dir='ltr'><strong>quae</strong></span> <span class='ocrx_word' id='word_1_165' title='bbox 595 2071 644 2102; x_wconf 89' lang='lat' dir='ltr'><strong>se</strong></span> <span class='ocrx_word' id='word_1_166' title='bbox 688 2052 1004 2118; x_wconf 86' lang='lat' dir='ltr'><strong>praestiturum</strong></span> <span class='ocrx_word' id='word_1_167' title='bbox 1036 2050 1296 2099; x_wconf 87' lang='lat' dir='ltr'><strong>honoraria</strong></span> <span class='ocrx_word' id='word_1_168' title='bbox 1330 2051 1617 2116; x_wconf 88' lang='lat' dir='ltr'><strong>amplissima</strong></span> 
     </span>
     <span class='ocr_line' id='line_1_24' title="bbox 201 2122 1617 2198; baseline -0.003 -19"><span class='ocrx_word' id='word_1_169' title='bbox 201 2131 524 2198; x_wconf 87' lang='lat' dir='ltr'><strong>promittebat,</strong></span> <span class='ocrx_word' id='word_1_170' title='bbox 549 2122 973 2195; x_wconf 84' lang='lat' dir='ltr'><strong>contemptumque</strong></span> <span class='ocrx_word' id='word_1_171' title='bbox 990 2129 1219 2177; x_wconf 79' lang='lat' dir='ltr'><strong>aestimare</strong></span> <span class='ocrx_word' id='word_1_172' title='bbox 1232 2129 1457 2194; x_wconf 88' lang='lat' dir='ltr'><strong>potuerit.</strong></span> <span class='ocrx_word' id='word_1_173' title='bbox 1475 2129 1617 2186; x_wconf 91' lang='lat' dir='ltr'><strong>Quod</strong></span> 
     </span>
     <span class='ocr_line' id='line_1_25' title="bbox 201 2207 1619 2276; baseline -0.004 -19"><span class='ocrx_word' id='word_1_174' title='bbox 201 2211 415 2276; x_wconf 90' lang='lat' dir='ltr'><strong>profecto</strong></span> <span class='ocrx_word' id='word_1_175' title='bbox 436 2210 588 2258; x_wconf 82' lang='lat' dir='ltr'><strong>facere</strong></span> <span class='ocrx_word' id='word_1_176' title='bbox 616 2226 715 2256; x_wconf 90' lang='lat' dir='ltr'><strong>non</strong></span> <span class='ocrx_word' id='word_1_177' title='bbox 739 2207 929 2269; x_wconf 89' lang='lat' dir='ltr'><strong>debuit,</strong></span> <span class='ocrx_word' id='word_1_178' title='bbox 957 2207 995 2254; x_wconf 93' lang='lat' dir='ltr'><strong>si</strong></span> <span class='ocrx_word' id='word_1_179' title='bbox 1017 2207 1190 2272; x_wconf 85' lang='lat' dir='ltr'><strong>pietate</strong></span> <span class='ocrx_word' id='word_1_180' title='bbox 1213 2207 1495 2254; x_wconf 84' lang='lat' dir='ltr'><strong>instructum</strong></span> <span class='ocrx_word' id='word_1_181' title='bbox 1516 2207 1619 2253; x_wconf 91' lang='lat' dir='ltr'><strong>ani—</strong></span> 
     </span>
     <span class='ocr_line' id='line_1_26' title="bbox 204 2283 1616 2351; baseline -0.002 -17"><span class='ocrx_word' id='word_1_182' title='bbox 204 2304 335 2336; x_wconf 90' lang='lat' dir='ltr'><strong>mum</strong></span> <span class='ocrx_word' id='word_1_183' title='bbox 351 2288 414 2336; x_wconf 92' lang='lat' dir='ltr'><strong>ad</strong></span> <span class='ocrx_word' id='word_1_184' title='bbox 425 2304 563 2335; x_wconf 90' lang='lat' dir='ltr'><strong>suum</strong></span> <span class='ocrx_word' id='word_1_185' title='bbox 583 2288 845 2350; x_wconf 84' lang='lat' dir='ltr'><strong>genitorem</strong></span> <span class='ocrx_word' id='word_1_186' title='bbox 865 2285 1101 2351; x_wconf 88' lang='lat' dir='ltr'><strong>optimum</strong></span> <span class='ocrx_word' id='word_1_187' title='bbox 1112 2284 1353 2331; x_wconf 82' lang='lat' dir='ltr'><strong>tenuisset.</strong></span> <span class='ocrx_word' id='word_1_188' title='bbox 1377 2283 1470 2330; x_wconf 90' lang='lat' dir='ltr'><strong>Sed</strong></span> <span class='ocrx_word' id='word_1_189' title='bbox 1488 2283 1616 2346; x_wconf 88' lang='lat' dir='ltr'><strong>quia,</strong></span> 
     </span>
     <span class='ocr_line' id='line_1_27' title="bbox 206 2360 1622 2431; baseline -0.003 -21"><span class='ocrx_word' id='word_1_190' title='bbox 206 2373 395 2412; x_wconf 86' lang='lat' dir='ltr'><strong>mortuo</strong></span> <span class='ocrx_word' id='word_1_191' title='bbox 416 2375 550 2431; x_wconf 86' lang='lat' dir='ltr'><strong>patre</strong></span> <span class='ocrx_word' id='word_1_192' title='bbox 563 2400 576 2424; x_wconf 93' lang='lat'><strong>,</strong></span> <span class='ocrx_word' id='word_1_193' title='bbox 609 2381 776 2411; x_wconf 89' lang='lat' dir='ltr'><strong>omnes</strong></span> <span class='ocrx_word' id='word_1_194' title='bbox 802 2364 884 2427; x_wconf 93' lang='lat' dir='ltr'><strong>qui</strong></span> <span class='ocrx_word' id='word_1_195' title='bbox 908 2361 1063 2409; x_wconf 89' lang='lat' dir='ltr'><strong>eidem</strong></span> <span class='ocrx_word' id='word_1_196' title='bbox 1095 2362 1219 2427; x_wconf 84' lang='lat' dir='ltr'><strong>patri</strong></span> <span class='ocrx_word' id='word_1_197' title='bbox 1251 2361 1456 2408; x_wconf 89' lang='lat' dir='ltr'><strong>cariores</strong></span> <span class='ocrx_word' id='word_1_198' title='bbox 1488 2360 1622 2407; x_wconf 92' lang='lat' dir='ltr'><strong>sami-</strong></span> 
     </span>
     <span class='ocr_line' id='line_1_28' title="bbox 206 2437 1623 2507; baseline -0.001 -21"><span class='ocrx_word' id='word_1_199' title='bbox 206 2440 507 2507; x_wconf 83' lang='lat' dir='ltr'><strong>liarioresque</strong></span> <span class='ocrx_word' id='word_1_200' title='bbox 528 2442 816 2502; x_wconf 83' lang='lat' dir='ltr'><strong>exstiterant,</strong></span> <span class='ocrx_word' id='word_1_201' title='bbox 841 2456 1016 2503; x_wconf 87' lang='lat' dir='ltr'><strong>magno</strong></span> <span class='ocrx_word' id='word_1_202' title='bbox 1047 2439 1161 2486; x_wconf 90' lang='lat' dir='ltr'><strong>odio</strong></span> <span class='ocrx_word' id='word_1_203' title='bbox 1186 2455 1235 2486; x_wconf 91' lang='lat' dir='ltr'><strong>se</strong></span> <span class='ocrx_word' id='word_1_204' title='bbox 1258 2438 1482 2486; x_wconf 87' lang='lat' dir='ltr'><strong>habuisse</strong></span> <span class='ocrx_word' id='word_1_205' title='bbox 1501 2437 1623 2495; x_wconf 79' lang='lat' dir='ltr'><strong>indi-</strong></span> 
     </span>
     <span class='ocr_line' id='line_1_29' title="bbox 208 2515 1622 2583; baseline -0.003 -18"><span class='ocrx_word' id='word_1_206' title='bbox 208 2518 331 2565; x_wconf 84' lang='lat' dir='ltr'><strong>cavit</strong></span> <span class='ocrx_word' id='word_1_207' title='bbox 349 2535 524 2583; x_wconf 84' lang='lat' dir='ltr'><strong>eosque</strong></span> <span class='ocrx_word' id='word_1_208' title='bbox 547 2520 742 2567; x_wconf 89' lang='lat' dir='ltr'><strong>diversis</strong></span> <span class='ocrx_word' id='word_1_209' title='bbox 763 2531 818 2566; x_wconf 85' lang='lat' dir='ltr'><strong>ac</strong></span> <span class='ocrx_word' id='word_1_210' title='bbox 847 2518 987 2565; x_wconf 88' lang='lat' dir='ltr'><strong>variis</strong></span> <span class='ocrx_word' id='word_1_211' title='bbox 1013 2516 1420 2583; x_wconf 88' lang='lat' dir='ltr'><strong>persecutionibus</strong></span> <span class='ocrx_word' id='word_1_212' title='bbox 1442 2515 1622 2574; x_wconf 85' lang='lat' dir='ltr'><strong>affecit,</strong></span> 
     </span>
     <span class='ocr_line' id='line_1_30' title="bbox 211 2597 1626 2663; baseline -0.001 -21"><span class='ocrx_word' id='word_1_213' title='bbox 211 2612 308 2643; x_wconf 93' lang='lat' dir='ltr'><strong>non</strong></span> <span class='ocrx_word' id='word_1_214' title='bbox 332 2599 724 2663; x_wconf 87' lang='lat' dir='ltr'><strong>improbabiliter,</strong></span> <span class='ocrx_word' id='word_1_215' title='bbox 753 2598 818 2646; x_wconf 92' lang='lat' dir='ltr'><strong>ob</strong></span> <span class='ocrx_word' id='word_1_216' title='bbox 848 2597 1126 2661; x_wconf 87' lang='lat' dir='ltr'><strong>hujusmodi</strong></span> <span class='ocrx_word' id='word_1_217' title='bbox 1160 2613 1306 2661; x_wconf 92' lang='lat' dir='ltr'><strong>quam</strong></span> <span class='ocrx_word' id='word_1_218' title='bbox 1340 2597 1626 2643; x_wconf 81' lang='lat' dir='ltr'><strong>retexuimus</strong></span> 
     </span>
     <span class='ocr_line' id='line_1_31' title="bbox 211 2674 1625 2735; baseline -0.002 -15"><span class='ocrx_word' id='word_1_219' title='bbox 211 2676 425 2735; x_wconf 79' lang='lat' dir='ltr'><strong>causam,</strong></span> <span class='ocrx_word' id='word_1_220' title='bbox 454 2675 687 2723; x_wconf 88' lang='lat' dir='ltr'><strong>infensum</strong></span> <span class='ocrx_word' id='word_1_221' title='bbox 707 2694 817 2723; x_wconf 91' lang='lat' dir='ltr'><strong>eum</strong></span> <span class='ocrx_word' id='word_1_222' title='bbox 840 2674 981 2722; x_wconf 92' lang='lat' dir='ltr'><strong>nobis</strong></span> <span class='ocrx_word' id='word_1_223' title='bbox 999 2674 1238 2722; x_wconf 89' lang='lat' dir='ltr'><strong>redditum</strong></span> <span class='ocrx_word' id='word_1_224' title='bbox 1258 2683 1305 2720; x_wconf 90' lang='lat' dir='ltr'><strong>et</strong></span> <span class='ocrx_word' id='word_1_225' title='bbox 1328 2674 1377 2719; x_wconf 89' lang='lat' dir='ltr'><strong>in</strong></span> <span class='ocrx_word' id='word_1_226' title='bbox 1398 2691 1486 2719; x_wconf 89' lang='lat' dir='ltr'><strong>nos</strong></span> <span class='ocrx_word' id='word_1_227' title='bbox 1508 2689 1625 2718; x_wconf 89' lang='lat' dir='ltr'><strong>con-</strong></span> 
     </span>
    </p>
   </div>
   <div class='ocr_carea' id='block_1_5' title="bbox 211 2751 1629 2890">
    <p class='ocr_par' dir='ltr' id='par_1_6' title="bbox 211 2751 1629 2890">
     <span class='ocr_line' id='line_1_32' title="bbox 211 2751 1170 2818; baseline 0.002 -22"><span class='ocrx_word' id='word_1_228' title='bbox 211 2751 389 2815; x_wconf 87' lang='lat' dir='ltr'><strong>cepisse</strong></span> <span class='ocrx_word' id='word_1_229' title='bbox 411 2752 575 2799; x_wconf 90' lang='lat' dir='ltr'><strong>odium</strong></span> <span class='ocrx_word' id='word_1_230' title='bbox 598 2769 879 2818; x_wconf 65' lang='lat' dir='ltr'><strong>praesumere</strong></span> <span class='ocrx_word' id='word_1_231' title='bbox 901 2768 1170 2817; x_wconf 88' lang='lat' dir='ltr'><strong>possumus.</strong></span> 
     </span>
     <span class='ocr_line' id='line_1_33' title="bbox 278 2825 1629 2890; baseline -0.002 -19"><span class='ocrx_word' id='word_1_232' title='bbox 278 2825 370 2873; x_wconf 89' lang='lat' dir='ltr'><strong>Sed</strong></span> <span class='ocrx_word' id='word_1_233' title='bbox 403 2825 496 2873; x_wconf 91' lang='lat' dir='ltr'><strong>hoc</strong></span> <span class='ocrx_word' id='word_1_234' title='bbox 530 2826 723 2890; x_wconf 83' lang='lat' dir='ltr'><strong>quidem</strong></span> <span class='ocrx_word' id='word_1_235' title='bbox 760 2827 981 2889; x_wconf 85' lang='lat' dir='ltr'><strong>exiguum</strong></span> <span class='ocrx_word' id='word_1_236' title='bbox 1011 2835 1079 2871; x_wconf 87' lang='lat' dir='ltr'><strong>est</strong></span> <span class='ocrx_word' id='word_1_237' title='bbox 1116 2834 1159 2870; x_wconf 87' lang='lat' dir='ltr'><strong>et</strong></span> <span class='ocrx_word' id='word_1_238' title='bbox 1194 2839 1421 2890; x_wconf 87' lang='lat' dir='ltr'><strong>parvum,</strong></span> <span class='ocrx_word' id='word_1_239' title='bbox 1461 2838 1629 2869; x_wconf 89' lang='lat' dir='ltr'><strong>eorum</strong></span> 
     </span>
    </p>
   </div>
  </div>
 </body>
</html>
