2060 3392
599 282 746 321 mum
773 282 975 322 SEXTUS.
1418 283 1495 320 ¹23

84 391 191 424 rum
223 374 410 440 patriae,
435 373 487 420 in
515 373 773 420 exercitum
804 371 1176 420 Brabantionum
1195 371 1344 418 irruit.
1371 371 1492 431 Qui,

83 468 178 501 suae
201 451 463 500 molitionis
485 451 655 514 ignari,
680 464 792 498 eum
814 459 1007 497 strenue
1028 458 1077 497 et
1094 448 1289 495 viriliter
1304 462 1497 512 excepe-

0 545 1 548 ’
83 539 220 592 runt,
242 529 424 594 fuitque
458 528 558 594 ipse
585 544 711 592 equo
742 527 951 591 dejectus
981 527 1140 574 occiso
1160 525 1249 573 sub
1274 542 1350 586 se;
1382 525 1492 582 sed,

4 606 16 666 ζ
83 604 219 673 quod
237 604 367 654 triste
384 604 645 653 victoribus
659 604 771 666 fuit,
794 604 982 669 adjutus
1002 621 1030 652 a
1053 602 1171 665 suis,
1197 603 1359 651 evasit.
1382 603 1498 650 Caesi

0 723 3 726 ,
43 745 53 754 ᾗ
83 683 274 732 fnenmt
293 683 344 731 in
358 699 418 732 eo
434 683 658 731 conflictu
679 684 805 731 circa
821 699 943 730 cxxx
965 682 1027 730 de
1048 682 1144 729 suis
1157 717 1170 741 ‚
1191 679 1315 746 capti
1330 698 1468 729 Lxxxl
1481 716 1494 739 ,

0 764 5 780 '
83 762 238 810 ceteri
258 761 350 809 susi
373 777 430 810 ac
451 761 666 827 dispersi.

140 834 254 907 'lpse
276 849 460 899 autem,
494 847 635 887 nocte
658 839 740 886 illa
770 855 857 904 per
877 836 1030 902 sylvas
1053 847 1100 884 et
1126 837 1256 885 invia
1275 836 1500 904 errabun-

0 909 1 913 ¹
83 913 202 979 dus,
227 917 434 966 crastino
453 917 504 964 in
526 917 765 964 civitatem
791 915 1000 963 inu-avit.
1027 914 1095 962 Ad
1119 929 1263 979 quam
1286 915 1324 962 si
1352 916 1500 962 victo·

0 988 3 990 ’
83 1007 331 1047 restem-su
366 997 574 1060 propero
609 992 866 1041 adventare
899 999 1163 1053 curassent,
1202 1002 1339 1039 erant
1375 992 1501 1041 cives

3 1126 6 1127 ⁷
83 1071 329 1138 uniusque
352 1088 512 1131 sexuS,
553 1072 709 1137 pusilli
743 1079 790 1118 et
816 1069 1001 1134 magni,
1039 1070 1090 1116 in
1124 1069 1274 1135 portis
1303 1069 1502 1118 civitatis

83 1146 148 1199 ad
165 1162 250 1199 eos
271 1149 468 1216 pacifice
491 1148 805 1215 recipiendos.
832 1148 926 1196 Sed
943 1149 1039 1196 hoc
1053 1186 1066 1209 ‚
1093 1146 1501 1212 quemadmodum

83 1235 305 1294 perante,
329 1227 478 1276 altera
504 1228 607 1274 vice
636 1227 833 1275 minime
863 1226 1090 1274 fecerunt.
1119 1225 1257 1273 Unde
1278 1236 1325 1273 et
1345 1225 1503 1274 civita·

84 1304 144 1354 tis
160 1315 209 1354 et
227 1305 372 1354 totius
393 1306 554 1371 patriae
572 1315 715 1370 atque
738 1305 952 1370 ipsorum
966 1304 1109 1352 etiam
1127 1303 1501 1352 Brabantionum

0 1392 2 1395 ’
85 1397 187 1431 non
209 1380 360 1431 modo
380 1392 636 1449 prorogata
650 1420 662 1444 ,
696 1398 862 1430 verum
883 1382 1022 1429 etiam
1058 1381 1259 1430 adaucta
1285 1391 1354 1429 est
1382 1382 1504 1430 cala·

85 1459 239 1509 mitas.
277 1459 522 1519 Quamdiu
564 1460 694 1508 enim
711 1461 723 1484 ¹
767 1469 867 1507 tam
898 1459 1100 1508 efferum
1134 1469 1182 1507 et
1219 1460 1503 1508 acerrimum

83 1536 273 1586 hostem
289 1541 424 1603 Juxta
445 1554 513 1599 se,
538 1537 637 1584 imo
657 1535 1020 1601 quodammodo
1043 1536 1169 1583 intra
1188 1536 1369 1584 viscera
1390 1553 1499 1596 sua,

84 1610 330 1662 habebant
347 1651 360 1675 ,
397 1630 498 1661 non
523 1629 687 1662 secure
718 1623 767 1661 et
796 1613 978 1678 absque
1010 1628 1187 1678 pavore
1215 1623 1263 1660 et
1290 1613 1503 1678 periculo

86 1690 137 1738 in
158 1690 257 1739 suis
274 1692 493 1756 possunt'
513 1691 588 1738 vel
615 1691 761 1754 agris,
784 1691 859 1738 vel
883 1690 1072 1756 oppidis
1094 1690 1351 1754 quiescere.

151 1766 315 1816 Delusi
360 1768 520 1832 itaque
561 1768 794 1816 hactenus
838 1768 1157 1832 Trajectenses
1199 1768 1343 1816 etiam
1389 1782 1471 1834 spe
1487 1806 1500 1830 ‚

87 1860 234 1910 quam
259 1845 312 1892 in
341 1845 515 1893 auxilio
537 1845 651 1892 dicti
682 1844 894 1908 sacrilegi
924 1846 1111 1909 tyranni
1144 1844 1416 1893 Leodiensis
1437 1855 1507 1893 ut·

87 1935 293 1987 cumque
314 1933 648 1987 reposuerant,
670 1938 813 1987 quem
831 1921 948 1968 falso
968 1921 1237 1985 frequenter
1260 1922 1506 1970 victoriam

86 1995 150 2045 de
173 1997 585 2047 ‘Brabantionibus
619 1998 972 2047 mentiebantur
987 1999 1268 2064 ‘obtinuisse
1284 2036 1297 2059 ,
1334 2000 1506 2048 nihilo-

0 2131 4 2136 >
87 2074 247 2123 minus
281 2075 330 2123 in
369 2091 455 2124 sua
486 2076 807 2124 obstinatione
838 2076 1076 2124 durabant
1089 2113 1101 2136 ,
1141 2076 1503 2143 tolerabantque

0 2142 11 2193 ἶ
87 2152 326 2202 caristiam
353 2163 401 2202 et
433 2153 607 2203 famem
643 2155 965 2220 plurimasque
994 2155 1199 2215 inedias3
1236 2154 1298 2203 de
1331 2155 1504 2220 quibus

0 2230 14 2291 ζ·
87 2228 312 2279 omnibus
328 2231 464 2280 facile
478 2269 490 2291 ,
515 2233 554 2280 si
573 2249 673 2280 non
702 2249 784 2280 eos
801 2233 1062 2298 pertinacia
1077 2249 1162 2281 sua
1184 2233 1433 2293 tenuisset,
1456 2251 1505 2281 se

0 2322 2 2325 ·
86 2308 290 2357 eximere
311 2319 359 2357 et
378 2320 574 2376 pacatos
597 2309 795 2357 reddere
818 2310 1096 2375 potuissent.

142 2463 179 2500 1.
214 2462 287 2499 Ms.
310 2465 439 2500 etiam.

140 2524 181 2562 Ξ.
211 2524 339 2562 Plutot
355 2534 546 2574 poterant.
