2060 3392
433 238 506 275 392
758 239 1006 278 APOLOGIA
1020 269 1031 289 ,
1059 241 1205 279 LIBER
1232 243 1500 283 SECUNDUS.

428 327 561 390 pium
583 326 888 374 indultorem.
917 331 1035 376 Nam
1054 346 1208 394 neque
1230 347 1335 393 nos,
1363 341 1416 379 ut
1435 332 1485 378 in
1507 332 1704 380 exordio
1727 333 1840 382 dixi-

428 419 559 465 mus,
593 420 651 451 eo
673 404 921 467 largiente,
949 422 1162 471 unquam
1195 408 1260 456 ita
1289 409 1525 457 temerarii
1561 411 1735 458 erimus
1765 420 1835 469 ut,

426 478 834 543 quemadmodum
854 482 904 528 in
926 482 1028 530 aliis
1049 484 1225 546 multis,
1250 485 1313 532 ita
1333 495 1381 533 et
1401 487 1451 534 in
1480 487 1555 534 his
1582 487 1643 534 de
1665 487 1839 552 quibus

425 559 686 618 retulimuS,
722 576 812 606 nos
845 559 964 608 nihil
996 577 1173 609 errasse
1195 578 1279 609 seu
1301 563 1552 628 deliquisse
1581 564 1736 613 dicere
1757 575 1840 614 aut

419 637 595 700 jactare
617 638 971 702 praesumamus.
999 639 1092 686 Sed
1113 638 1208 687 hoc
1229 641 1504 689 consolatur
1525 659 1614 690 nos
1637 643 1840 691 maxime

423 714 555 780 quod
576 714 789 762 Salvator
815 725 975 763 noster
1013 717 1139 764 venit
1168 717 1218 764 in
1246 717 1375 765 hunc
1406 719 1642 767 mundum
1668 736 1840 768 vocare

423 809 522 839 non
537 791 706 855 justos,
731 792 814 839 sed
835 803 1125 857 peccatores,
1152 811 1454 860 quaerereque
1484 806 1531 844 et
1560 798 1742 845 salvum
1771 797 1839 846 fa-

423 885 528 916 cere
547 868 678 932 quod
695 870 914 934 perierat.
945 871 1088 928 Quod
1109 871 1275 920 beatus
1292 874 1463 921 Paulus
1481 873 1680 939 pulchre
1705 885 1840 922 com-

423 949 672 1005 mendans,
697 949 759 997 ad
786 967 921 1015 spem
943 950 1214 999 obtinendae
1238 954 1387 1001 veniae
1421 964 1468 1001 et
1493 954 1847 1019 propitiationis⁴

423 1025 633 1073 dandam
659 1027 990 1091 peccatoribus
1017 1046 1028 1074 z
1062 1049 1083 1073 «
1109 1028 1280 1077 Fidelis
1307 1049 1329 1074 »
1365 1031 1520 1094 inquit
1541 1042 1580 1076 ἀ
1609 1048 1764 1079 sermo
1794 1042 1842 1080 et

423 1103 556 1150 omni
579 1104 854 1168 acceptione
887 1104 1076 1167 dignus,
1109 1107 1220 1170 quia
1251 1109 1382 1154 Jesus
1409 1107 1619 1155 Christus
1638 1109 1768 1156 venit
1791 1111 1839 1156 in

423 1181 552 1228 hunc
587 1182 824 1229 mundum
855 1193 1126 1247 peccatores
1164 1184 1318 1231 salvos
1361 1184 1542 1243 facere3
1576 1204 1599 1253 '.'
1635 1202 1841 1251 quorum

422 1249 565 1305 etiam
587 1275 635 1306 se
662 1259 872 1323 primum
898 1259 1032 1307 fateri
1053 1277 1153 1308 non
1176 1261 1426 1309 erubescit.
1463 1265 1518 1324 Et
1539 1262 1601 1310 ad
1622 1264 1842 1313 eamdem

422 1352 556 1400 spem
597 1337 809 1384 similiter
846 1337 1011 1386 beatus
1045 1339 1286 1387 Johannes
1322 1355 1626 1404 promovens,
1669 1341 1719 1388 in
1756 1359 1842 1393 sua

422 1414 576 1478 prima
594 1415 826 1462 canonica
847 1415 945 1463 ait-z
976 1435 998 1460 α
1020 1416 1170 1464 Filioli
1189 1418 1284 1464 mei
1305 1438 1328 1461 2>
1350 1417 1505 1481 inquit
1527 1437 1550 1463 «
1574 1418 1670 1466 hoc
1685 1414 1883 1475 scrib'w'ss'

424 1490 578 1552 vobis,
605 1501 658 1539 ut
678 1508 778 1538 non
798 1493 1017 1556 peccetis.
1047 1494 1142 1541 Sed
1166 1504 1213 1541 et
1240 1495 1279 1541 si
1307 1496 1414 1559 quis
1442 1497 1729 1560 peccaverit,
1757 1476 1864 1546 adh*

424 1578 648 1616 vocatum
674 1568 909 1616 habemus
932 1569 1062 1634 apud
1089 1579 1274 1634 patrem
1302 1574 1461 1618 ,Iesum
1484 1572 1759 1620 Christum
1742 1592 1841 1638 Jus-

425 1656 544 1708 tum‚
579 1657 626 1694 et
652 1647 751 1712 ipse
775 1654 844 1694 est
870 1648 1144 1713 propitiatio
1165 1665 1254 1713 pro
1285 1650 1489 1713 peccatis
1511 1651 1707 1710 nostris3
1740 1669 1841 1701 non

423 1740 512 1789 pro
545 1725 717 1772 nostris
738 1733 898 1772 autem
919 1734 1122 1786 tantum,
1157 1725 1239 1772 sed
1267 1726 1410 1773 etiam
1434 1727 1576 1774 totius
1595 1729 1780 1776 mundi.
1813 1749 1838 1776 »

426 1804 583 1859 Quam
613 1812 665 1849 ut
690 1801 752 1849 ab
783 1801 883 1865 ejus
905 1801 1113 1867 piissima
1135 1802 1457 1851 misericordia
1485 1806 1671 1870 assequi
1699 1816 1746 1854 et
1775 1807 1844 1855 di-

426 1896 545 1943 gnos
584 1896 721 1944 agere
765 1879 1051 1944 poenitentiae
1090 1879 1284 1942 fructuS‚
1313 1880 1429 1927 dum
1465 1880 1623 1929 adhuc
1661 1883 1709 1930 in
1745 1883 1847 1932 hoc*

426 1957 614 2004 mortali
641 1956 997 2021 peregrinamur
1029 1972 1247 2022 corpore,
1282 1957 1544 2020 valeamus,
1572 1959 1672 2024 ipse
1701 1959 1842 2009 nobis

425 2035 682 2081 clementer
707 2032 914 2080 tribuere
940 2043 987 2080 et
1017 2033 1175 2097 largiri
1199 2034 1437 2097 dignetur,
1467 2036 1547 2099 qui
1568 2053 1680 2084 cum
1706 2040 1841 2086 Patre

426 2121 471 2158 et
497 2111 671 2176 Spiritu
702 2113 876 2158 Sancto
899 2110 1013 2157 vivit
1040 2119 1086 2158 et
1117 2121 1282 2175 regnat
1314 2106 1441 2159 Deus
1474 2130 1597 2160 unus
1620 2120 1836 2176 aeternus,

427 2189 659 2236 Dominus
678 2197 838 2236 noster
856 2190 988 2235 Jesus
1007 2188 1236 2236 Christus.
1258 2192 1424 2241 Amen.

670 2325 802 2349 Burrus
827 2324 893 2348 luc
919 2323 1196 2350 APOLOGz'rlcus
1223 2326 1402 2351 LIBELLUS
1429 2326 1496 2350 PER
1523 2326 1591 2351 Nos

726 2386 906 2421 Tamum,
930 2386 1246 2411 Ancmm’lscol’uu
1274 2387 1539 2421 cAEsARmNSEM,

767 2449 810 2473 IN
830 2449 926 2472 ulum
947 2449 1192 2483 TREVERENSI,
1212 2450 1258 2474 ΕΤ
1278 2451 1491 2474 COMPLETUS

794 2510 986 2542 POSTQUAM
998 2511 1230 2535 mmmmus
1249 2511 1298 2535 An
1314 2512 1468 2536 nmmum

831 2574 955 2598 numm
984 2574 1033 2597 DE
1060 2573 1155 2597 URBE.
1181 2573 1305 2607 ROMA,
1334 2574 1435 2599 ANNO

873 2636 1064 2661 nonnum&
1099 2634 1350 2661 chRNA'rloN
1354 2636 1387 2660 18

975 2691 1003 2713 Μ
1015 2690 1036 2713 C
1048 2690 1070 2712 C
1080 2689 1101 2712 C
1113 2689 1134 2712 C
1145 2689 1167 2712 1.
1179 2689 1203 2712 Χ
1216 2689 1241 2712 Χ
1250 2690 1288 2714 V.

1000 2752 1073 2776 DEO
1089 2750 1256 2776 GRATIAS,
