2060 3392
541 378 618 427 294
904 378 1244 424 ffls'romffluu
1277 377 1512 422 Luoov1c1
1540 378 1596 414 xi

541 463 662 522 tium
694 463 795 527 ipse
828 462 1048 515 sustinuit
1083 479 1139 510 ac
1170 462 1291 520 vires
1324 464 1650 528 impetumque
1681 464 1951 531 intercepit,

540 557 602 599 ῃε
620 539 1072 601 ulterius‘vincendo
1091 550 1138 593 et
1155 540 1485 605 conquirendo
1509 540 1822 606 procederent
1839 560 1853 602 3
1876 559 1956 598 we-

538 634 646 670 rum
675 618 818 670 ,etiam
850 617 913 674 ad
938 618 1163 677 ultimum
1193 628 1296 669 toto
1325 635 1473 683 regno
1501 612 1684 684 expuli‘t
1713 629 1760 669 et
1790 620 1948 684 ejecit,

535 695 864 761 recuperando
898 712 999 744 non
1030 696 1179 750 modo
1215 697 1484 762 provincias
1517 698 1650 760 regni
1686 699 1954 763 potentissi-

535 789 659 833 mas,
693 789 811 837 quas
855 774 931 828 vel
958 774 1184 837 genitoris
1210 775 1284 831 sui
1297 810 1310 836 ,
1338 775 1414 822 vel
1452 791 1540 831 suo
1563 775 1707 826 etiam
1737 785 1951 842 tempore

533 860 824 916 occuparant
841 888 854 912 ‚
903 850 988 905 sed
1027 853 1170 910 etiam
1211 853 1510 917 Aquitaniam
1554 863 1601 900 et
1642 854 1949 921 Vamoniam,

531 945 678 992 quam
701 928 831 984 velut
859 930 1103 994 propriam
1133 930 1320 980 circiter
1354 948 1441 996 per
1469 946 1623 986 annos
1644 931 1875 988 ducentos
1905 930 1953 985 et

526 1008 874 1072 quinquaginta
905 1008 1083 1072 Anglici
1115 1019 1384 1061 tenuerant.
1419 1012 1529 1063 Post
1571 1026 1690 1075 quas
1731 1011 1952 1065 victorias

529 1083 620 1139 sibi
642 1084 868 1139 divinitus
890 1102 1139 1139 concessas
1152 1125 1165 1149 ,
1190 1087 1348 1153 ipsum
1370 1104 1571 1152 regnum
1584 1097 1703 1140 ¹tunc
1720 1088 1949 1152 quodam-

527 1162 676 1219 modo
698 1163 828 1219 velut
849 1163 1061 1212 effoetum
1079 1175 1127 1217 et
1148 1182 1387 1229 exsangue
1415 1165 1664 1228 effectum,
1694 1176 1742 1214 et
1759 1160 1950 1232 Populis

524 1238 805 1295 mirabiliter
836 1240 1129 1295 diminutum
1153 1253 1296 1308 atque
1321 1243 1584 1305 desertum,
1609 1260 1669 1292 eo
1697 1243 1830 1307 quod
1851 1253 1949 1307 tam

524 1318 609 1373 diu
647 1329 842 1374 ,externa
874 1330 1017 1385 atque
1043 1322 1267 1372 intestina
1293 1321 1420 1373 bella
1451 1322 1763 1387 militiamque
1790 1332 1839 1372 et
1868 1323 1950 1373 ui-

522 1394 696 1444 hutum
709 1434 722 1458 ,
747 1398 871 1462 proh
894 1397 1062 1450 dolor!
1089 1400 1360 1462 tolerasset,
1393 1410 1490 1449 tam
1509 1399 1769 1466 prudenter
1790 1399 1950 1465 dispo-

521 1474 638 1532 suit,
663 1483 718 1529 ut
747 1475 1062 1527 instauratum
1079 1473 1181 1542 jam
1207 1479 1258 1526 in
1280 1478 1466 1528 bonum
1490 1488 1666 1538 statum
1684 1489 1732 1527 et
1759 1479 1810 1545 in
1835 1495 1950 1529 con-

521 1550 805 1605 valescentia
823 1554 1006 1622 optima
1019 1555 1327 1605 reflorescens
1345 1556 1502 1621 ipsum
1519 1555 1618 1606 filio
1639 1556 1942 1620 relinqueret.

522 1627 616 1685 Qui
635 1629 697 1689 si,
729 1630 876 1694 patris
897 1631 1106 1681 imitatus
1126 1632 1430 1697 prudentiam
1448 1642 1496 1680 et
1515 1634 1734 1695 virtutes,
1758 1635 1917 1699 ipsum
1929 1671 1942 1696 ‚

519 1701 588 1759 uti
605 1702 939 1767 inchoaverat,
963 1722 1205 1770 resurgere
1227 1718 1274 1757 et
1294 1725 1562 1757 excrescere
1581 1709 1631 1756 in
1657 1709 1824 1774 populi
1854 1725 1946 1760 ηυτ-

519 1781 788 1830 merositate
822 1792 869 1830 et
896 1782 1070 1847 opibus
1094 1785 1401 1850 permisisset,
1438 1786 1608 1852 procul
1646 1785 1821 1847 dubio,
1855 1803 1944 1836 suo

519 1865 733 1922 tempore
765 1859 815 1914 in
839 1868 1024 1908 tantum
1047 1861 1310 1915 coalescere
1338 1873 1386 1910 et
1415 1863 1665 1913 instaurari
1685 1864 1941 1928 potuisset,

519 1943 573 1982 ut
607 1934 670 1990 ad
707 1936 974 2000 priscorum
1013 1938 1206 1991 illorum
1237 1950 1511 2006 temporum
1554 1941 1849 2003 felicitatem,
1892 1941 1943 1992 in

518 2012 692 2076 quibus
711 2016 916 2068 maxime
944 2015 1239 2080 effloruerat,
1265 2035 1399 2083 paene
1419 2019 1649 2084 potuisset
1674 2019 1938 2083 pervenire.

518 2090 654 2152 Atqui
678 2091 854 2155 quibus
867 2093 1071 2154 artibus,
1096 2112 1193 2159 qua
1213 2096 1466 2161 prudentia
1488 2106 1629 2161 atque
1646 2095 1941 2148 lmmanitate

516 2166 699 2231 ipsum,
740 2170 863 2234 proh
899 2170 1064 2220 dolor!
1112 2173 1500 2234 administrarit¹,
1540 2172 1736 2225 ,ulterius
1768 2171 1941 2224 referre

518 2242 638 2291 foret
657 2262 1021 2312 supervacuum.
1051 2251 1172 2307 Satis
1202 2251 1331 2301 enim
1359 2253 1596 2316 superque
1618 2267 1676 2302 ,ex
1698 2250 1772 2298 his
1786 2287 1799 2311 ,
1834 2266 1939 2314 quoe

517 2337 659 2386 supra
689 2340 718 2372 a
747 2325 888 2380 nobis
919 2327 1066 2382 relata
1094 2338 1228 2388 sunt,
1253 2328 1430 2381 factum
1452 2338 1523 2379 est
1550 2328 1864 2392 conspicuum
1889 2339 1938 2377 et

515 2400 834 2456 manifestum.

571 2543 585 2578 1
599 2571 606 2579 .
640 2545 710 2585 Ms.
736 2547 1032 2596 administraret.
