2060 3392
439 327 515 363 11⁴8
800 323 1143 361 HISTORIARUM
1171 322 1407 359 LUDOVICI
1435 322 1492 358 11

438 413 589 478 parati
610 410 851 459 discedere
867 409 1133 457 dummodo
1156 409 1223 456 eis
1239 408 1300 456 de
1319 408 1574 473 stipendio,
1601 408 1733 473 quod
1748 427 1856 476 pro-

437 492 632 538 missum
653 490 831 548 fuerat,
863 488 1138 536 solveretur.
1172 490 1230 534 Et
1255 502 1533 551 quanquam
1559 499 1723 535 revera
1755 500 1855 536 non

436 586 526 635 pro
553 569 738 615 civitate
756 604 768 628 ,
804 566 885 614 sed
916 566 1074 631 potius
1101 575 1290 623 contra,
1330 581 1359 612 a
1380 565 1602 629 tyrannis
1629 565 1767 614 acciti
1794 566 1857 614 ad

435 646 670 693 civitatem
695 642 1060 708 opprimendam
1081 643 1373 701 militassent,
1399 641 1677 690 voluerunt¹
1695 638 1856 691 tamen

435 723 562 770 cives
593 721 791 786 optimi,
826 719 888 767 ad
917 736 1039 783 quos
1066 721 1276 784 regimen
1305 729 1354 766 et
1380 718 1648 767 moderatio
1678 720 1746 768 rei
1769 737 1857 785 pu-

433 799 568 845 blicae
594 797 792 844 civitatis
819 796 881 844 ab
906 796 1065 861 impiis
1093 806 1140 844 et
1168 796 1343 860 iniquis
1367 796 1592 844 translata
1620 805 1785 855 erant,
1805 805 1857 843 ut

433 877 491 923 de
517 875 754 940 stipendio
782 883 955 921 statuto
987 891 1076 939 pro
1099 884 1313 939 tempore
1347 891 1444 938 quo
1472 875 1757 934 servierant,
1789 875 1856 922 eis

432 949 583 1016 probe
611 960 658 997 et
685 949 895 1012 legaliter
918 949 1194 996 solveretur.
1223 949 1481 998 Pulchrum
1509 959 1668 997 autem
1685 949 1856 1014 jucun-

431 1029 643 1092 dumque
674 1037 774 1075 erat
814 1026 974 1075 videre
1005 1027 1131 1074 cives
1150 1065 1162 1088 ,
1201 1028 1285 1091 qui
1322 1027 1457 1075 initio
1500 1027 1746 1075 seditionis
1780 1028 1852 1075 vel

431 1117 612 1172 postea,
638 1107 824 1153 civitate
853 1115 900 1152 et
936 1104 1116 1153 laribus
1154 1105 1325 1152 relictis
1351 1106 1555 1170 propriis
1572 1132 1596 1165 ,·
1617 1105 1856 1171 pontificis

430 1195 586 1249 partes
612 1184 759 1231 secuti.
782 1183 994 1243 fuerant,
1027 1183 1090 1230 ad
1120 1183 1318 1248 propria
1343 1192 1660 1244 revertentes3
1694 1183 1754 1230 de
1783 1183 1853 1230 vi-

428 1262 548 1308 cinis
580 1278 773 1325 quoque
811 1261 1001 1326 oppidis
1041 1260 1232 1323 navigio
1271 1270 1319 1307 et
1348 1260 1568 1308 curribus
1608 1276 1854 1307 annonam

428 1339 636 1403 aliasque
659 1356 838 1387 merces
860 1340 922 1387 ad
945 1339 1182 1387 civitatem
1206 1339 1396 1387 advehi.
1428 1339 1500 1386 Ad
1526 1355 1672 1403 quam
1693 1349 1742 1386 et
1761 1340 1856 1387 avi-

427 1416 534 1463 dius
574 1416 772 1481 quidam
811 1416 1158 1477 adventabant,
1201 1416 1334 1480 quod
1386 1434 1473 1482 per
1504 1433 1659 1465 annos
1703 1434 1855 1483 prope

427 1493 550 1541 duos
588 1510 695 1541 eam
723 1510 811 1540 nec
842 1493 1030 1555 videre,
1067 1511 1155 1540 nec
1188 1494 1405 1556 ingredi,
1448 1491 1646 1559 propter
1676 1494 1856 1542 hostili-

428 1580 572 1619 tatem
587 1606 599 1630 ,
621 1580 905 1635 potuerant;
933 1571 999 1617 ita
1026 1580 1078 1617 ut
1105 1570 1271 1634 plateae
1302 1571 1502 1618 civitatis
1533 1587 1638 1634 quae
1652 1607 1664 1631 ‚
1698 1581 1855 1636 tyran-

427 1648 538 1695 nide
571 1648 816 1707 saeviente,
850 1657 1056 1694 vacuatae
1086 1646 1295 1706 civibus,
1331 1664 1419 1695 nec
1447 1648 1538 1695 nisi
1565 1664 1594 1695 a
1620 1648 1849 1710 rutheris‚

426 1725 683 1790 desperatis
705 1723 1010 1788 garcionibus
1027 1734 1185 1788 atque,
1206 1734 1260 1771 ut
1275 1725 1521 1772 Teutonici
1537 1727 1551 1750 ²
1575 1726 1757 1789 vulgari
1782 1726 1854 1773 di-

427 1802 578 1849 cimus
598 1840 610 1863 ,
641 1801 930 1848 husonibus³
951 1801 1274 1861 calcabantur,
1299 1803 1398 1866 jam
1427 1803 1641 1850 honestis
1670 1803 1854 1851 civibus

427 1889 475 1927 et
493 1878 837 1927 mercatoribus
863 1889 1170 1926 cernerentur
1188 1880 1408 1944 impletae.
1731 1892 1734 1893 ’

493 1955 672 2004 Habuit
702 1966 862 2004 autem
897 1957 997 2023 ipse
1030 1957 1137 2022 pius
1163 1957 1375 2022 pontifex
1399 1956 1545 2004 verba
1571 1956 1632 2004 de
1659 1973 1776 2022 pace
1807 1967 1854 2004 et

430 2034 815 2082 reconciliatione
849 2034 1031 2082 domini
1065 2035 1125 2081 de
1160 2037 1423 2100 Montfort,
1455 2051 1600 2099 quem
1637 2035 1852 2082 clausum

428 2112 480 2158 in
499 2128 597 2159 una
619 2128 807 2159 camera
830 2113 903 2159 sui
925 2113 1085 2177 palatii
1109 2113 1407 2161 custodiebat
1429 2114 1541 2161 satis
1557 2113 1847 2172 humaniter,

430 2208 542 2239 eum
570 2190 744 2238 faciens
769 2192 1015 2256 procurari
1045 2201 1092 2238 et
1113 2191 1365 2239 detractari
1381 2194 1409 2238 ⁴.
1446 2195 1505 2245 Et
1526 2190 1852 2239 consentiebat

431 2268 560 2315 idem
582 2268 807 2316 dominus
832 2268 892 2315 de
915 2270 1152 2333 Montforc
1181 2279 1233 2315 ut
1255 2279 1463 2316 castrum
1493 2278 1539 2315 et
1565 2268 1850 2333 oppidulum

431 2361 571 2391 suum
588 2344 650 2391 ad
669 2361 867 2392 manum
885 2361 1021 2392 suam
1043 2345 1403 2406 contraderent,
1433 2344 1607 2408 quibus
1629 2345 1723 2392 loci
1748 2361 1852 2392 cus-

432 2422 561 2470 todia
600 2438 629 2470 a
663 2439 712 2470 se
747 2423 899 2470 fuerat
929 2423 1197 2470 commissa.
1236 2423 1479 2486 Hujusque
1522 2423 1590 2468 rei
1626 2437 1849 2470 consum-

430 2501 615 2549 mandae
656 2502 803 2564 gratia
819 2539 831 2562 ‚
877 2502 976 2566 ipse
1015 2501 1226 2565 pontifex
1269 2511 1316 2548 et
1354 2501 1605 2561 dominus,
1653 2501 1850 2566 stipatus

553 2643 616 2678 Sic
635 2637 834 2676 Matthaeus
850 2653 861 2685 3
882 2640 1081 2675 voluissent
1098 2638 1192 2676 dans
1212 2638 1247 2676 le
1266 2651 1339 2677 ms,

554 2700 753 2739 Matthaeus
775 2705 974 2738 teutonica.

516 2793 524 2801 .
554 2765 673 2813 Boef,
691 2776 740 2801 en
761 2762 975 2801 hollandais
988 2794 998 2812 ‚
1020 2762 1166 2815 signilie
1187 2778 1238 2802 un
1257 2764 1418 2814 coquin,
1441 2777 1494 2801 un
1513 2762 1696 2815 pendard.

514 2854 525 2864 .
556 2825 683 2864 Plutot
701 2824 792 2862 benc
810 2829 979 2864 tractari·

484 2642 524 2864 Ρωεθζὺ
