2060 3392
413 317 490 354 2⁶8
984 314 1235 354 APOLOGIA
1248 342 1259 358 ,

412 404 586 469 quibus
607 405 669 452 ad
691 405 887 470 plenum
909 418 1067 450 rerum
1084 418 1188 466 quae
1212 400 1496 466 gerebantur
1513 410 1560 447 et
1580 399 1827 466 plagarum

411 499 516 547 quae
537 499 566 531 a
584 481 889 530 venatoribus
912 478 1231 528 tendebantur
1248 478 1440 545 praesato
1461 479 1664 543 principi
1685 474 1827 543 atque

411 562 536 623 suis,
564 561 771 626 plurium
793 558 887 607 fide
909 558 1165 622 dignorum
1187 558 1438 618 relatione,
1469 557 1640 604 veritas
1667 558 1832 620 agnita*

410 648 512 685 erat
526 675 539 699 ,
574 637 793 696 coactum
825 636 983 684 fuisset
1015 635 1226 699 ejusdem
1258 635 1508 701 principis,
1548 650 1607 682 eo
1641 634 1691 681 in
1721 634 1825 699 ipso

410 716 505 764 illic
527 717 857 776 interessente‚
882 714 1162 776 consilium,
1193 723 1242 762 et
1266 715 1317 761 in
1352 730 1412 761 eo
1445 730 1474 761 a
1503 711 1643 760 nobis
1671 721 1719 760 et
1741 711 1827 778 per

410 810 499 841 nos
521 810 577 840 ea
598 810 702 857 quae
730 791 1045 840 imminebant
1073 792 1427 857 et'jamjamque
1460 791 1707 857 praesentia
1733 807 1826 838 un-

410 870 553 934 dique
585 868 927 934 impendebant
950 869 1159 936 pericula
1175 906 1188 931 ,
1215 869 1355 917 simul
1379 878 1427 916 et
1447 885 1552 934 quae
1582 868 1826 915 retulimus

410 947 470 994 de
485 946 698 994 Ebroicis
713 956 759 995 et
774 949 997 995 Vernone
1013 948 1355 1013 copiarumque
1373 947 1610 1011 regiarum
1628 961 1825 994 accursu

410 1026 638 1072 recensita
659 1035 707 1072 et
726 1035 943 1074 enarrata
966 1026 1184 1083 fuissent,
1217 1026 1371 1073 annisi
1392 1024 1702 1072 nihilominus
1717 1033 1827 1070 sunt

410 1103 517 1166 qui,
545 1104 614 1150 uti
640 1102 844 1150 diximus
863 1141 876 1165 ,
908 1120 1008 1151 non
1035 1103 1207 1167 injuria
1231 1103 1412 1164 censeri
1440 1110 1663 1168 poterant
1695 1116 1828 1148 com-

409 1179 553 1243 plices
579 1191 625 1227 et
655 1181 907 1246 participes
938 1181 1178 1243 factioniS,
1206 1180 1365 1228 adhuc
1385 1180 1429 1228 ei
1453 1178 1649 1227 suadere
1671 1179 1741 1225 uti
1763 1177 1825 1226 ab

409 1255 489 1301 illo
503 1256 611 1303 loco
628 1257 882 1306 abscedere
903 1274 1004 1305 non
1021 1257 1233 1316 deberet,
1256 1256 1341 1305 sed
1357 1256 1516 1304 adhuc
1535 1255 1602 1303 ibi
1617 1254 1826 1320 opperiri

409 1342 550 1396 atque
569 1345 836 1399 exspectare
853 1335 1112 1402 saepedictae
1129 1335 1266 1399 regiae
1280 1334 1528 1398 legationis
1546 1332 1822 1381 adventum.

410 1411 627 1467 Quorum
649 1413 862 1476 profecto
885 1414 924 1460 si
945 1413 1153 1461 consiliis
1172 1413 1350 1460 dolosis
1370 1421 1513 1477 atque
1535 1410 1730 1477 perfidis
1753 1426 1828 1457 ac-

411 1487 692 1550 quiescitum
716 1490 896 1550 fuisset,
925 1491 1121 1537 minime
1148 1506 1245 1538 nox
1274 1490 1494 1556 proxima
1516 1488 1579 1536 ad
1603 1478 1827 1536 auroram

410 1567 697 1628 pervenisset
734 1568 851 1631 quin
879 1582 930 1614 se
962 1567 1063 1632 ipse
1096 1568 1305 1632 optimus
1334 1567 1558 1631 princeps
1587 1581 1699 1612 cum
1731 1565 1828 1612 suis

409 1641 659 1690 hostilibus
689 1644 852 1691 castris
889 1643 984 1705 illic
1015 1644 1296 1692 conclusum
1323 1653 1464 1708 atque
1498 1643 1725 1689 vallatum
1753 1643 1826 1688 in-

408 1720 623 1767 venisset.
656 1720 750 1768 Sed
772 1737 863 1768 nos
883 1737 996 1768 cum
1019 1721 1179 1769 multis
1199 1720 1356 1769 eidem
1377 1721 1582 1786 principi
1608 1718 1826 1767 fidelibus

409 1808 456 1845 et
494 1798 805 1847 devotissimis
820 1837 834 1861 ,
864 1801 976 1848 satis
1008 1800 1168 1848 multis
1196 1816 1254 1848 ex
1287 1800 1570 1863 conjecturis
1598 1815 1826 1864 quorsum

408 1875 739 1939 hujuscemodi
789 1876 1088 1926 fraudulenta
1122 1877 1321 1926 consilia
1354 1876 1726 1937 contenderent,
1768 1875 1828 1923 de

410 1951 601 1998 veritate
633 1968 795 1999 rerum
825 1967 944 2016 quas
974 1952 1237 2012 retulimus,
1263 1953 1572 2001 certissimam
1597 1952 1828 2000 habentes

410 2029 656 2075 notionem
673 2067 685 2091 ,
724 2029 859 2077 facile
889 2028 1060 2077 eadem
1089 2030 1289 2078 consilia
1309 2030 1590 2088 evertimus,
1623 2039 1671 2076 et
1687 2066 1700 2091 ,
1733 2031 1829 2075 Do-

410 2104 543 2151 mino
581 2106 771 2153 volente
786 2142 799 2165 ‚
848 2105 1098 2154 salubriter
1133 2106 1314 2154 eisdem
1359 2105 1645 2153 obstitimus.
1689 2104 1828 2151 Unde

410 2183 582 2231 nostris
607 2183 1023 2231 adhortationibus
1039 2183 1166 2231 idem
1189 2185 1429 2250 princepS,
1458 2192 1506 2231 et
1527 2183 1611 2248 qui
1629 2181 1829 2230 fideliter

409 2260 453 2306 ei
475 2260 820 2322 inserviebant,
850 2260 1065 2308 videntes
1091 2260 1222 2308 aliud
1241 2261 1343 2325 jam
1365 2277 1470 2324 non·
1489 2275 1731 2324 superesse
1753 2275 1828 2306 re·

410 2337 620 2384 medium
636 2374 650 2398 ,
682 2338 840 2399 statim
871 2347 980 2402 post
1005 2337 1254 2385 meridiem
1275 2337 1546 2384 conscensis
1569 2335 1703 2399 equis
1736 2336 1828 2382 mi-

410 2423 596 2475 grantes
615 2430 643 2460 e
672 2417 797 2461 Loco
807 2414 978 2475 -Veris,
1017 2430 1116 2478 quo
1142 2414 1242 2478 jam
1276 2430 1427 2479 prope
1454 2413 1586 2460 omni
1610 2429 1667 2459 ex
1695 2422 1828 2477 parte

410 2490 588 2538 obsessi
607 2491 938 2554 cingebantur,
962 2490 1025 2538 ad
1042 2491 1435 2538 Pontem-Archae
1448 2526 1461 2550 ,
1485 2506 1644 2538 arcem
1660 2489 1829 2537 firmis-

409 2570 579 2616 simam
596 2605 609 2630 ,
631 2567 1013 2633 pernoctandum
1035 2577 1287 2615 venerunt.

410 2696 512 2726 actes
534 2688 586 2727 du
611 2687 691 2735 roi,
709 2687 822 2739 apres
845 2687 884 2726 la
909 2686 1003 2726 suite
1021 2686 1070 2724 de
1088 2699 1158 2724 son
1177 2686 1277 2724 frere
1295 2699 1344 2724 en
1364 2688 1551 2737 Bretagne
1565 2714 1576 2733 ,
1596 2685 1654 2722 fut
1672 2684 1720 2723 de
1737 2697 1832 2722 con-

410 2750 553 2800 fisquer
571 2750 626 2788 les
643 2748 753 2788 biens
777 2749 825 2788 de
849 2749 886 2786 la
909 2749 1057 2788 maison
1082 2746 1303 2786 d’Amboise
1328 2757 1367 2785 et
1397 2747 1445 2784 de
1476 2747 1570 2785 faire
1601 2746 1768 2784 detruire
1794 2747 1831 2784 le

410 2812 570 2850 chateau
591 2811 640 2849 de
660 2811 1104 2850 Chaumont-sur-Loire.
