2060 3392
779 317 1082 358 PROOEMIUM.
1559 318 1637 355 230

218 410 456 475 rogationi
477 418 642 457 vestrae
663 423 830 473 parere
848 417 989 470 atque
1008 404 1273 457 satisfacere
1293 420 1384 470 pro
1402 407 1640 454 concessis

218 502 252 538 ι-
269 487 470 536 domino
491 485 671 534 viribus
691 485 998 545 tentavimus,
1030 485 1081 530 in
1109 483 1258 531 nostri
1287 483 1640 531 excusationem

199 552 305 614 'seu
328 565 600 630 apologiam
629 573 800 611 nostrae
834 561 1227 627 peregrinationis
1261 570 1309 608 et
1341 561 1641 609 discessionis

220 642 285 693 ab
301 643 516 708 injuncta
534 642 738 689 statione
761 639 976 689 libellum
996 639 1128 687 hunc
1151 639 1505 704 apologeticum
1525 655 1642 686 con-

220 719 493 770 scribentes.
527 723 730 767 Tantum
767 719 897 766 enim
929 718 1202 765 reverentiae
1230 718 1446 765 amicitiae
1478 727 1642 765 vestrae

221 814 314 847 nos
333 797 510 846 debere
542 796 823 862 profitemur
848 811 939 860 pro
959 794 1298 842 communibus
1330 795 1447 842 olim
1477 795 1644 842 studiis

221 885 271 924 α
285 874 638 936 sodalitatibuS‚
660 873 864 939 quibua,
887 872 950 920 ab
976 873 1170 920 ineunte
1204 863 1523 920 adolescentia
1546 889 1645 920 una

222 954 461 1002 merehati
493 953 668 1001 fuimus
685 990 700 1015 ,
733 963 789 1000 ut
813 951 933 998 nihil
964 968 1134 998 eorum
1169 968 1274 1016 quae
1310 951 1371 998 de
1413 951 1645 1016 parvitate

223 1030 388 1080 nostra
407 1030 675 1079 desiderare
698 1030 918 1096 potestiS‚
949 1029 1050 1076 ullo
1084 1038 1228 1094 pacto
1256 1028 1469 1077 abnuere
1504 1045 1645 1094 posse

224 1108 507 1157 rationabile
527 1109 603 1156 vel
632 1125 823 1173 aequum
847 1108 1184 1155 existimemus.

290 1185 471 1234 Similia
507 1195 668 1233 autem
697 1201 727 1232 a
757 1185 870 1232 viris
898 1185 1084 1248 magnis
1118 1193 1165 1231 et
1203 1199 1411 1248 quorum
1447 1181 1647 1231 celebris

224 1273 497 1312 accusetur
527 1263 759 1310 memoria
786 1262 913 1319 edita
943 1263 1214 1327 frequenter
1247 1260 1388 1308 fuisse
1418 1262 1649 1326 opuscula

226 1356 318 1406 pm
338 1341 480 1388 variis
509 1341 661 1388 causis
688 1341 1010 1388 meminimus.
1044 1343 1167 1388 Nam
1199 1348 1248 1387 et
1277 1339 1532 1403 Gregorius
1556 1342 1648 1388 Na·

226 1418 495 1476 zianzenus,
523 1417 676 1465 dictus
695 1418 980 1481 Theologus,
1001 1417 1352 1482 apologeticum
1372 1432 1462 1481 pro
1485 1433 1570 1464 sua
1596 1417 1647 1463 in

227 1494 533 1543 solitudinem
555 1494 819 1542 secessione
837 1494 1077 1557 eleganter
1103 1493 1314 1558 scripsit,
1334 1509 1397 1540 ne
1414 1493 1464 1540 id
1487 1493 1650 1541 fecisse

226 1581 404 1621 temere
421 1571 495 1619 vel
516 1571 831 1620 inconsultius
850 1587 880 1619 a
900 1587 1148 1635 quoquam
1172 1571 1459 1636 culparetur.
1487 1571 1652 1618 Edidit

226 1658 276 1697 et
290 1648 459 1697 beatus
485 1648 767 1697 Athanasius
787 1648 1130 1697 Alexandrinus
1151 1647 1303 1696 libros
1329 1649 1651 1714 apologeticos

228 1725 292 1774 de
311 1726 422 1790 fuga
441 1742 552 1787 sua,
575 1742 671 1790 qua
697 1726 1079 1790 persecutionem
1102 1726 1367 1773 Constantii
1389 1735 1437 1773 et
1459 1726 1653 1772 Ariano-

230 1819 356 1864 mm,
373 1803 624 1852 adversum
640 1819 690 1850 se
705 1803 923 1866 nequiter
939 1803 1250 1863 saevientium,
1270 1803 1489 1850 doctrina
1505 1802 1651 1850 fretus

231 1889 281 1927 et
310 1881 531 1946 exemplo
559 1880 835 1941 Salvator-is,
868 1879 1171 1927 laudabiliter
1210 1881 1480 1928 declinavit.
1518 1882 1651 1945 Saepe

231 1957 375 2006 etiam
409 1959 727 2022 Hieronymus
754 1968 802 2006 et
831 1957 1029 2005 Rufinus
1056 1967 1198 2022 atque
1234 1959 1313 2006 alii
1346 1959 1653 2024 quamplures

231 2033 380 2083 libros
400 2036 450 2082 in
473 2036 743 2100 apologiam
762 2037 834 2084 sui
853 2037 1258 2102 conscripserunt,
1282 2036 1368 2083 ubi
1389 2036 1452 2084 ab
1472 2036 1654 2083 aemulis

231 2122 282 2160 et
312 2112 712 2162 obtrectatoribus
749 2114 809 2161 de
840 2114 1004 2178 aliquo
1035 2114 1219 2180 probro
1252 2115 1325 2162 vel
1357 2114 1654 2162 insimulatos

233 2207 307 2252 se,
347 2191 423 2238 vel
450 2192 712 2239 insimulari
753 2207 892 2255 posse
929 2201 1287 2255 cognoscerent.
1332 2194 1552 2250 Quorum
1592 2190 1655 2238 ad

233 2274 504 2338 exemplum
523 2310 537 2335 ‚
558 2274 725 2321 vestris
752 2273 995 2338 cupientes
1038 2273 1370 2338 obtemperare
1406 2272 1651 2338 precibus,

235 2363 400 2398 musas
434 2352 644 2416 primum
677 2361 726 2397 et
757 2351 1032 2398 occasiones
1070 2350 1245 2415 quibus
1284 2351 1537 2398 adversum
1566 2367 1657 2398 nos

236 2424 374 2486 regiae
394 2425 734 2489 indignationis
754 2424 987 2473 acerbitas
1008 2426 1246 2473 concitata
1268 2425 1431 2485 fuerit,
1457 2442 1656 2490 quaeque

239 2513 328 2544 nos
342 2498 394 2546 in
415 2499 543 2548 hanc
568 2500 998 2565 peregrinationem
1023 2510 1071 2547 et
1091 2516 1120 2548 a
1148 2500 1409 2547 ministerio
1440 2499 1656 2563 injuncto

239 2574 550 2622 cessationem
570 2575 907 2640 compulerunt
927 2585 976 2622 et
1001 2574 1263 2638 adegerunt
1277 2613 1290 2636 ‚
1317 2590 1509 2622 narrare
1530 2573 1658 2620 insti·

240 2646 432 2694 mimus.
471 2649 557 2695 Cui
598 2650 636 2697 si
669 2649 988 2714 provocandae
1026 2659 1075 2696 et
1113 2649 1452 2698 exacerbandae
1493 2663 1658 2695 causas

242 2721 361 2770 forte
378 2726 751 2789 praesfflerimus,
772 2735 821 2773 et
842 2726 995 2775 zelum
1013 2726 1076 2774 ad
1099 2726 1285 2774 bonum
1302 2724 1590 2790 reipublicae
1610 2733 1658 2770 et

238 2799 426 2863 jutitiae
443 2810 584 2865 atque
601 2801 830 2850 libertatis
846 2804 1007 2867 patrie
1028 2803 1187 2850 minus
1210 2813 1345 2851 caute
1360 2801 1436 2849 vel
1457 2800 1658 2866 provide
