2060 3392
688 346 835 385 LIBER
861 346 1063 387 SEXTUS.
1529 351 1578 389 17

227 438 352 486 Misit
382 447 543 487 autem
572 437 672 502 ipse
698 453 805 498 rex,
836 437 969 501 juxta
993 436 1386 502 pollicitationem
1410 455 1546 486 suam
1560 478 1572 501 ,

162 531 259 581 qua
289 516 570 581 promiserat
605 531 717 561 suos
750 531 799 561 se
825 524 1036 561 oratores
1069 515 1323 577 missurum
1356 515 1419 562 ad
1456 515 1576 563 filio-

159 592 256 641 lam
279 607 415 640 suam
436 591 784 657 *deputatosque
806 592 1041 650 Statuum,
1063 591 1145 655 qui
1166 592 1384 640 Gandavi
1408 610 1579 641 conve-

160 678 353 730 nerant,
379 667 638 733 quemdam
663 667 925 715 Oliverium
938 704 951 728 ,
975 667 1359 716 barbitonsorem
1383 672 1570 731 suum’,

159 746 244 794 sed
264 746 451 793 noviter
469 744 532 793 ab
554 761 613 792 eo
635 754 850 792 creatum
869 755 918 792 et
939 746 1239 793 nominatum
1269 747 1492 794 comitem
1515 747 1575 794 de

159 822 449 888 Meulencq',
479 823 561 886 qui
580 839 771 871 morum
789 838 988 870 suorum
1009 824 1178 871 merito
1201 834 1574 887 cognomentum

157 901 440 967 acquisierat
464 902 495 947 ³.
535 900 631 959 Qui
653 901 847 948 veniens
873 900 1160 948 Gandavum
1187 918 1299 948 cum
1328 918 1429 949 uno
1462 902 1574 949 sim-

157 978 280 1043 plice
319 977 571 1026 secretario
617 977 771 1040 regio,
815 977 949 1041 petiit
983 993 1040 1023 ex
1074 987 1208 1041 parte
1242 978 1362 1040 regis
1396 977 1574 1025 habere

156 1055 452 1120 colloquium
468 1065 701 1103 secretum
720 1054 782 1102 ad
803 1064 1004 1120 partem,
1022 1071 1132 1102 cum
1152 1055 1431 1121 principissa
1452 1056 1568 1104 sola.

157 1133 303 1192 Quod
316 1149 435 1198 lcum
454 1133 558 1198 ipsa
581 1132 837 1180 audivisset
871 1132 1142 1195 caeterique,
1171 1133 1252 1197 qui
1285 1132 1345 1180 de
1370 1133 1470 1196 ejus
1494 1133 1575 1181 ad-

155 1221 291 1259 erant
308 1211 593 1275 cognatione
615 1221 664 1259 et
685 1211 907 1272 consilio,
922 1211 1079 1258 mirati
1102 1222 1213 1258 sunt
1234 1222 1282 1259 et
1303 1228 1402 1259 non
1425 1212 1576 1260 modi-

155 1304 267 1336 cum
284 1289 590 1337 stomachati:
615 1289 824 1354 primum
839 1288 971 1353 quod
987 1305 1064 1336 rex
1088 1289 1229 1336 talem
1251 1288 1424 1336 infimae
1437 1291 1575 1338 sortis

156 1364 512 1413 etconditionis
532 1365 780 1413 hominem
801 1365 979 1430 talique
992 1403 1004 1426 ,
1030 1365 1099 1412 uti
1122 1365 1327 1413 diximus
1343 1404 1355 1425 ‚
1378 1367 1574 1430 insigni-

153 1451 257 1490 tum
291 1453 612 1507 cognomento
629 1480 641 1504 ,
678 1443 740 1490 ad
773 1443 917 1491 talem
946 1452 1220 1508 tantamque
1244 1445 1572 1510 principissam

150 1516 359 1588 legatum
380 1524 605 1585 misisset,
626 1534 674 1571 et
703 1540 792 1590 pro
811 1534 944 1572 tanto
971 1534 1166 1589 tamque
1193 1524 1346 1572 arduo
1379 1526 1571 1588 negotio

151 1601 516 1666 pertractand03
543 1601 715 1649 deinde
740 1601 872 1666 quod
894 1611 1034 1649 tantae
1055 1602 1363 1667 principissae,
1385 1602 1572 1667 juvenis

150 1677 334 1743 puellae,
357 1678 670 1744 colloquium,
689 1679 882 1728 remotis
895 1678 1101 1740 arbitris,
1124 1689 1363 1744 expeteret
1382 1698 1393 1726 ε
1417 1679 1567 1743 quod,

150 1755 307 1820 prima
346 1756 490 1817 facie,
526 1773 638 1804 eum
671 1757 720 1803 in
758 1756 995 1804 mandatis
1027 1755 1089 1804 ab
1122 1772 1231 1819 rege
1257 1755 1436 1803 habere
1469 1772 1567 1803 non

150 1832 424 1881 credebant.
446 1833 584 1881 Unde
608 1833 785 1881 factum
806 1833 897 1881 sibi
919 1834 1006 1881 fuit
1028 1850 1307 1898 responsum
1333 1833 1465 1898 quod
1481 1870 1493 1889 ‚
1529 1834 1567 1880 si

150 1911 312 1968 vellet,
340 1927 504 1960 coram
534 1911 702 1959 eadem
729 1913 1007 1978 principissa
1035 1922 1082 1959 et
1118 1913 1362 1960 nonnullis
1392 1911 1453 1960 de
1481 1929 1565 1960 sua

148 1989 556 2052 consanguinitate
576 1999 623 2036 et
643 1989 868 2050 consilio,
893 1990 1056 2054 paucis
1077 2006 1297 2051 numero,
1322 2007 1416 2037 suae
1437 1990 1563 2054 lega-

149 2065 292 2114 tionis
316 2083 439 2114 onus
459 2077 739 2132 exponeret3
768 2084 976 2132 namque
1006 2084 1118 2116 cum
1140 2068 1222 2116 tali
1243 2077 1468 2132 tantaque
1484 2069 1562 2133 ju-

199 2223 239 2260 1.
270 2223 426 2262 Erreur.
460 2225 515 2262 La
539 2223 694 2262 mission
721 2223 905 2262 d'Olivier
925 2223 962 2261 le
985 2223 1096 2262 Daim
1119 2232 1176 2261 est
1197 2223 1250 2261 du
1278 2223 1373 2261 mois
1397 2223 1445 2262 de
1467 2223 1560 2272 jan-

145 2283 229 2322 vier
245 2285 365 2325 1477.
386 2285 469 2323 Elle
492 2285 657 2337 preceda
686 2294 808 2324 toutes
831 2286 886 2324 les
912 2285 1173 2338 negociations
1194 2286 1386 2324 entamees
1406 2298 1502 2325 avec
1523 2286 1561 2325 la

144 2344 330 2385 duchesse
347 2359 398 2385 ou
418 2360 487 2386 son
506 2348 663 2386 conseil.

198 2411 238 2450 2.
270 2413 424 2463 Mulecq
444 2413 539 2452 dans
563 2413 599 2452 le
630 2413 850 2452 manuscrit.
878 2414 979 2453 C’est
1003 2413 1389 2454 Meulan-sur-Seine.
1415 2415 1560 2453 Olivier

143 2473 180 2511 le
196 2473 324 2522 Daim,
345 2475 532 2527 capitaine
551 2475 599 2515 de
615 2484 713 2514 cette
732 2476 837 2523 ville,
851 2490 901 2515 ne
919 2476 995 2528 prit
1013 2477 1050 2515 le
1068 2477 1155 2515 titre
1176 2476 1224 2515 de
1238 2485 1365 2515 comte
1381 2477 1559 2529 qu'apres

143 2531 219 2587 que
238 2536 352 2574 Louis
377 2540 435 2576 XI
460 2539 512 2576 lui
536 2548 600 2578 eut
622 2539 749 2577 donne
780 2553 856 2578 une
884 2540 1005 2591 partie
1030 2539 1081 2578 du
1110 2539 1298 2578 territoire
1324 2539 1372 2577 de
1395 2539 1557 2578 l'ancien

142 2598 268 2642 comte
287 2612 356 2651 par
375 2600 504 2640 lettres
522 2602 573 2640 du
593 2604 643 2640 19
661 2601 873 2640 novembre
892 2604 1010 2640 1477.

197 2661 235 2698 3.
266 2660 298 2698 11
318 2660 397 2699 faut
410 2662 502 2713 qu'il
520 2676 546 2714 y
560 2663 612 2701 ait
630 2663 679 2701 ici
697 2676 773 2710 une
792 2656 989 2711 omission,
1004 2664 1098 2703 celle
1117 2664 1169 2702 du
1189 2677 1281 2702 nom
1300 2663 1349 2701 de
1367 2665 1553 2712 Mauvais,

142 2721 353 2772 qu'Olivier
373 2724 475 2761 avait
497 2725 607 2776 porte
625 2725 808 2763 autrefois
832 2734 870 2763 et
896 2739 971 2776 que
992 2726 1028 2764 le
1048 2726 1187 2778 peuple
1203 2738 1253 2763 ne
1270 2724 1405 2762 cessait
1422 2737 1489 2775 pas
1509 2725 1558 2764 de

142 2783 195 2822 lui
215 2784 379 2843 donner,
399 2786 566 2837 quoique
584 2787 701 2825 Louis
724 2789 781 2826 XI
806 2787 899 2826 l‘eut
920 2788 1087 2840 change,
1114 2800 1183 2839 par
1207 2787 1335 2825 lettres
1361 2795 1555 2838 patentes,

142 2858 190 2885 en
210 2846 309 2885 celui
329 2847 512 2886 d'Olivier
531 2849 567 2887 le
586 2849 710 2887 Daim.

247 2925 296 2952 m
1351 2915 1375 2952 Ξ
