2060 3392
670 280 818 319 LIBER
843 280 1043 319 PRIMUS.
1493 286 1573 326 279

156 369 477 431 benivolentia
496 369 742 429 devinctis,
766 378 819 416 ut
843 367 1034 416 difficile
1055 368 1196 418 nobis
1217 371 1337 418 foret
1358 381 1429 420 tot
1455 375 1572 421 ami-

155 464 324 500 corum
339 448 491 499 videri
505 463 728 513 spernere
750 455 833 494 aut
846 446 1081 510 negligere
1097 448 1310 496 consilia.
1338 451 1479 513 Atqui
1498 450 1573 499 his

157 541 256 575 uon
282 524 602 585 obstantibus,
635 523 771 572 veriti
801 539 988 587 semper
1019 538 1080 570 ne
1115 524 1256 573 nobis
1280 526 1438 590 laquei
1470 537 1574 575 ten·

158 602 401 664 darentur,
433 603 483 650 in
515 618 638 667 quos
669 602 928 649 nonnullos
954 601 1160 650 infausto
1193 605 1356 652 omine
1381 622 1576 671 compe-

158 680 388 731 rieramus
421 680 673 728 incurrisse
690 715 704 740 ,
741 679 993 726 consilium
1026 680 1239 744 cepimus
1272 698 1373 739 non
1417 683 1576 733 adhuc

156 749 363 806 reditum
394 767 611 805 nostrum
638 767 900 817 maturare,
937 757 1021 804 sed
1050 759 1251 823 experiri
1282 761 1491 824 primum
1514 778 1575 810 an

156 851 243 901 per
261 845 621 901 procuratorem
639 835 845 898 legitime
870 835 1181 883 constitutum
1202 847 1476 901 possemus,
1492 838 1578 888 ab·

156 922 310 963 sentes
331 913 442 961 licet
465 913 582 961 etin
607 912 742 960 terris
773 912 963 960 illustris
991 913 1386 976 Burgundionum
1418 915 1576 979 ducis,

155 1006 262 1056 quae
282 991 479 1039 minime
499 1001 614 1038 tunc
634 991 731 1054 regi
748 990 944 1039 hostiles
959 990 1282 1053 habebantur,
1308 1003 1578 1042 nostrarum

156 1067 398 1121 bonorum
420 1069 631 1117 nancisci
660 1069 1008 1134 possessionem
1039 1069 1200 1135 eisque
1229 1069 1378 1119 libere
1406 1073 1573 1136 potiri,

156 1147 564 1212 quemadmodum
594 1146 796 1211 praefatae
829 1147 992 1194 litterae
1015 1148 1153 1210 regiae
1182 1147 1449 1196 facultatem
1477 1151 1581 1198 uni-

156 1224 330 1288 cuique
352 1224 712 1290 promittebant.
741 1225 886 1283 Quod
905 1241 1016 1272 cum
1049 1225 1227 1273 factum
1255 1226 1395 1274 fuisse
1413 1265 1425 1287 ,
1462 1228 1578 1276 falso

155 1310 317 1350 tamen
331 1337 344 1364 ,
369 1313 652 1350 assereretur
668 1318 697 1350 a
711 1302 928 1367 pluribus
947 1302 1110 1364 nobis,
1135 1313 1190 1350 ut
1211 1303 1360 1374 videri
1371 1315 1575 1369 poterat,

157 1395 330 1442 magna
353 1381 559 1428 amicitia
577 1380 768 1445 junctis,
792 1381 875 1444 qui
898 1390 951 1427 ut
974 1397 1063 1428 nos
1085 1381 1265 1428 facilius
1286 1381 1349 1429 ad
1372 1383 1578 1431 reditum

158 1457 461 1519 inducerent,
491 1458 663 1505 factam
692 1457 832 1504 nobis
866 1457 1004 1505 fuisse
1030 1457 1274 1506 bonorum
1305 1470 1578 1509 nostrorum

157 1532 548 1584 deliberationem
580 1533 904 1595 affirmabant,
931 1534 1189 1582 multarum
1219 1552 1439 1600 precum,
1478 1539 1578 1602 epi-

156 1611 411 1672 stolarum,
439 1611 748 1658 consiliorum
776 1621 917 1675 atque
940 1613 1221 1660 nuntiorum
1242 1614 1369 1660 mole
1393 1616 1578 1662 onerati

157 1699 300 1752 atque
327 1689 506 1750 inflexi,
540 1689 751 1750 tandem,
784 1703 889 1736 non'
917 1690 1018 1736 sine
1043 1706 1216 1754 magna
1237 1691 1384 1738 animi
1405 1691 1579 1740 tituba-

159 1766 316 1827 tione,
344 1766 406 1814 ad
427 1766 728 1813 redeundum
762 1766 824 1813 ad
847 1767 1049 1830 patriam
1078 1784 1168 1814 nos
1197 1767 1488 1815 accinximus
1508 1780 1578 1817 at-

158 1859 252 1908 que
283 1844 569 1909 paravimus.
610 1842 752 1900 Quod
792 1843 1006 1907 profecto
1044 1844 1240 1891 minime
1282 1845 1573 1909 fecissemus,

159 1921 411 1969 amnestias
426 1921 638 1985 praefatas
659 1936 829 1985 parum
860 1930 942 1968 aut
964 1920 1082 1968 nihil
1100 1920 1218 1969 fidas
1241 1922 1574 1985 existimantes,

159 2010 205 2047 et
228 2001 338 2048 satis
357 1995 589 2062 quantum
606 1999 816 2046 valerent
831 1999 1168 2064 promissiones
1191 2009 1238 2046 et
1258 1999 1420 2048 litterae
1437 2012 1578 2066 atque
1648 1996 1665 2005 '⁶

158 2086 451 2127 sacramenta
477 2076 624 2141 ipsius
655 2077 776 2139 regis
809 2076 1018 2141 plurium
1048 2076 1394 2125 calamitatibus
1426 2087 1471 2125 et
1504 2079 1578 2126 in-

160 2152 379 2204 fortuniis
396 2154 577 2213 edocti,
604 2154 695 2202 nisi
716 2171 805 2201 nos
828 2154 877 2201 id
896 2153 1049 2203 sacere
1071 2155 1313 2220 potissime
1339 2156 1572 2218 suasisset,

161 2249 266 2297 quae
292 2245 382 2281 nos
405 2233 711 2280 vehementer
741 2231 1024 2297 perurgebat
1040 2270 1053 2294 ,
1079 2232 1227 2280 debiti
1258 2234 1378 2280 ratio
1398 2250 1494 2298 qua
1516 2235 1578 2283 ad

161 2311 508 2363 intendendum
524 2327 648 2358 curae
669 2320 810 2373 atque
832 2311 1050 2374 regimini
1068 2311 1273 2359 ecclesiae
1298 2321 1468 2360 nostrae
1491 2329 1580 2360 nos

162 2387 394 2451 obligatos
413 2388 513 2436 fore
533 2387 813 2436 sciebamus.

226 2467 331 2512 Hoc
351 2482 523 2531 nempe
553 2465 746 2513 adducti
771 2464 1028 2523 desiderio,
1064 2465 1156 2513 hac
1190 2466 1452 2514 intentione
1478 2483 1582 2532 per·-

164 2542 308 2603 moti‚
330 2551 383 2588 ut
406 2542 680 2606 hujusmodi
702 2553 872 2590 nostrae
893 2543 1097 2592 ecclesiae
1122 2553 1168 2591 et
1195 2544 1485 2608 populorum
1508 2561 1581 2592 sa-

164 2619 268 2678 luti,
285 2635 407 2666 curae
426 2629 595 2670 nostrae
611 2620 835 2685 pastorali
847 2621 1153 2681 creditorum,
1175 2620 1577 2681 incumberemus,

165 2712 269 2759 quae
299 2694 438 2742 nobis
460 2697 708 2744 imminere
742 2713 841 2744 non
876 2697 1201 2745 nesciebamus
1227 2698 1436 2762 pericula
1460 2714 1577 2744 con-

165 2772 423 2823 temnenda
453 2783 501 2820 et
521 2774 746 2822 audacter
767 2785 909 2838 atque
934 2760 1230 2823 confidenter
1251 2791 1279 2823 a
1304 2774 1443 2824 nobis
1468 2773 1581 2820 sub·-
