2060 3392
462 227 465 231 ’
525 236 600 274 122
884 232 1224 271 HISTORIARUM
1252 230 1492 269 Luoovlm
1518 231 1576 268 xl

589 326 645 370 Et
667 332 899 387 quantum
920 320 1116 385 quidem
1138 319 1200 367 ad
1230 320 1401 367 ducem
1420 319 1585 367 attinet
1606 318 1870 369 Cliveusem
1890 329 1938 368 et

520 400 835 464 Trajectenses
848 436 860 459 ‚
899 414 979 444 rex
1010 397 1220 444 accusari
1249 397 1310 444 de
1335 395 1429 444 fide
1460 396 1530 444 eis
1561 412 1661 444 non
1689 394 1937 445 observata

521 478 718 525 minime
742 476 949 524 debebat
965 510 977 534 ,
1004 491 1114 522 curn
1143 491 1243 522 non
1266 471 1518 522 constaret*
1536 490 1620 522 eos
1647 474 1800 523 ullum
1825 491 1936 523 cum

519 554 691 603 eodem
713 554 865 601 soedus
883 553 1181 618 percussisse.
1210 552 1304 600 Sed
1326 552 1457 600 aliud
1488 551 1694 600 fortassis
1718 552 1937 601 aestimari

519 632 748 698 potuisset
767 630 828 678 de
847 631 929 677 illo
955 630 1183 693 sacrilego
1202 629 1438 695 parricida
1462 629 1521 677 de
1540 627 1829 688 Amnem-cla,
1853 629 1937 694 qui

518 725 575 756 ex
593 710 725 773 jussu
747 718 795 756 et
821 707 1123 759 ordinatione
1151 708 1295 771 regis,
1329 707 1391 756 ad
1423 708 1509 755 iter
1529 706 1618 755 sibi
1643 707 1861 772 pervium
1885 707 1935 755 in

518 774 821 834 Brabantiam
835 821 847 845 ,
867 801 953 851 per
976 785 1310 833 Leodiensium
1334 795 1505 843 terraS‚
1531 795 1672 848 atque
1693 801 1781 833 suo
1805 801 1938 852 exer·

517 864 630 911 citui
654 863 965 929 aperiendum
981 899 994 922 ‚
1022 863 1322 911 transmissus
1343 862 1483 910 fuisse
1509 861 1669 926 (quod
1684 861 1796 910 satis
1822 862 1938 910 veri·

516 943 668 990 simile
702 959 801 991 esse
837 942 1054 1006 videtur)
1088 941 1353 1001 ferebatur3
1398 941 1481 989 sed
1515 941 1565 988 id
1597 939 1791 1004 quidem
1826 950 1936 989 ante

516 1022 646 1086 pacis
678 1021 856 1069 foedera
889 1021 1136 1087 paululum
1169 1030 1278 1086 post
1313 1037 1423 1068 cum
1459 1020 1582 1067 duce
1615 1016 1806 1066 Austriae
1832 1034 1938 1083 per-

515 1115 666 1146 cussa.
700 1102 787 1146 Per
807 1115 912 1163 quae
929 1101 942 1123 ¹
964 1099 1074 1146 satis
1100 1107 1350 1163 appareret
1370 1113 1427 1144 ex
1460 1097 1535 1144 his
1551 1132 1563 1155 ,
1591 1112 1697 1160 quae
1719 1095 1937 1161 proxime

514 1176 781 1237 retulimus,
808 1175 1031 1225 eumdem
1050 1175 1322 1223 Arenberch
1340 1191 1369 1222 a
1385 1175 1551 1239 coeptis
1571 1189 1656 1238 per
1672 1188 1785 1220 eum
1807 1172 1914 1236 (etsi
1925 1175 1939 1198 ’

509 1255 641 1318 jussu
665 1255 796 1318 regio
819 1264 983 1301 exorta
1006 1253 1225 1312 fuissent,
1249 1250 1658 1316 quemadmodum
1677 1250 1834 1297 verius
1852 1267 1937 1316 pu·

514 1332 718 1392 tabatur,
753 1332 898 1397 idque
921 1346 1081 1396 regem
1111 1333 1270 1396 ipsum
1298 1329 1489 1396 publice
1504 1359 1507 1361 Δ
1523 1328 1667 1376 etiam
1688 1327 1936 1392 agnovisse

514 1410 824 1469 asserebatur,
846 1409 979 1474 quod
999 1420 1154 1457 totum
1178 1409 1307 1472 jussu
1323 1410 1337 1435 ⁸
1353 1425 1440 1454 suo
1460 1407 1635 1454 factum
1655 1415 1778 1454 esset
1795 1405 1937 1470 quid-

513 1488 631 1553 quid
645 1488 774 1536 idem
794 1486 1066 1535 Arenberck
1085 1486 1405 1553 patravisset),
1426 1502 1482 1533 ex
1507 1496 1623 1532 tunc
1644 1500 1804 1548 regem
1823 1500 1936 1532 eum

513 1566 733 1614 desistere
753 1566 971 1613 voluisse.
1612 1571 1616 1573 ’

577 1644 714 1709 Atqui
742 1644 851 1691 licet
877 1660 977 1698 non
1014 1643 1216 1690 nesciret
1251 1659 1300 1689 se
1338 1641 1420 1689 tali
1450 1639 1628 1688 foedere
1659 1655 1744 1705 per
1775 1655 1934 1703 regem

513 1721 655 1768 fuisse
696 1721 976 1769 derelictum
1024 1720 1386 1786 expositumque
1427 1718 1538 1766 duci
1585 1717 1804 1776 Austriae5
1855 1717 1933 1765 oui

512 1799 655 1846 etiam
681 1800 742 1847 ad
777 1815 888 1847 eum
922 1798 1264 1864 proterendum
1304 1814 1360 1845 ac
1398 1795 1754 1862 profligandum
1790 1812 1933 1861 opem

511 1877 717 1924 laturum
735 1877 973 1943 pollicitus
991 1886 1091 1924 erat
1105 1912 1118 1936 ‚
1141 1892 1242 1922 non
1268 1885 1426 1923 tamen
1442 1874 1602 1922 adhuc
1620 1872 1797 1921 destitit
1815 1875 1933 1938 quin

511 1955 748 2002 civitatem
773 1966 820 2003 et
845 1954 1080 2020 oppidum
1103 1957 1322 2018 Hoyense
1340 1956 1353 1979 ¹·
1374 1970 1485 2001 curn
1511 1952 1756 2000 nonnullis
1770 1953 1935 2000 oestel-

510 2034 566 2081 lis
585 2035 847 2081 retinuerit.
883 2036 1007 2081 Sane
1038 2050 1147 2080 cum
1179 2031 1520 2080 Brabantiones
1548 2030 1612 2079 ad
1631 2046 1743 2078 eum
1775 2029 1850 2078 vel
1882 2030 1931 2077 in

510 2113 672 2176 Hoyo,
710 2111 794 2158 ubi
822 2111 1062 2171 adstabat,
1095 2109 1468 2175 expugnandum
1505 2108 1577 2155 vel
1611 2106 1931 2155 obsidendum

509 2189 635 2238 circa
646 2189 745 2237 duo
758 2190 975 2237 milliaria
991 2205 1143 2254 prope
1157 2188 1338 2235 dictum
1356 2186 1589 2252 oppidum
1607 2185 1926 2245 accessissent,

509 2265 608 2330 ipse
627 2258 878 2329 sacrilegus
901 2265 951 2312 id
975 2264 1227 2330 pervidens
1244 2299 1257 2323 ‚
1283 2263 1361 2310 die
1384 2263 1571 2310 decima
1595 2271 1724 2310 sexta
1756 2262 1930 2309 mensis

509 2344 664 2391 martii
689 2360 819 2395 anno
842 2343 1039 2390 Domini
1064 2357 1395 2390 mccccnxxxm
1410 2377 1422 2399 ‚
1463 2356 1573 2387 cum
1607 2340 1663 2386 iis
1690 2355 1809 2402 quas
1836 2339 1931 2386 col-

510 2421 652 2485 ligere
675 2431 895 2486 potuerat
922 2421 1070 2485 copiis
1086 2458 1099 2482 ‚
1127 2430 1225 2467 tam
1250 2419 1554 2466 rutherorum
1578 2433 1723 2481 quam
1746 2416 1925 2464 incola·

566 2570 600 2604 1.
633 2566 831 2603 Peut-etre
849 2578 978 2616 quam.

561 2631 600 2667 2.
630 2627 830 2666 Matthaeus
849 2637 886 2664 et
903 2631 998 2666 sine.

563 2694 599 2729 3.
631 2689 830 2728 Matthaeus
850 2693 1005 2738 injussu.

563 2756 600 2792 Ιι.
634 2756 705 2791 Ms.
727 2755 908 2802 Hoyeum.
