2060 3392
654 310 800 348 uum
827 280 1080 347 summus.
1499 310 1575 348 163

165 401 294 449 tutus
314 400 521 449 libertati
544 409 688 466 atque
709 401 1000 460 auctoritati,
1025 400 1290 464 Trajectum
1317 398 1379 447 ad
1401 400 1576 465 princi-

165 488 279 544 pem
299 479 447 540 venit,
472 488 615 542 atque
637 487 745 526 cu‘m
772 479 990 525 omnium
1015 477 1258 526 bonorum
1279 477 1511 542 applausu
1533 487 1581 525 et

166 565 278 604 cum
297 556 477 620 ingenti
499 556 659 604 laetitia
679 565 896 621 receptus
919 565 1149 621 tanquam
1169 555 1394 604 dominus
1417 555 1521 602 suit.

232 632 443 682 Durante'
457 639 617 682 autem
630 632 900 695 obsidione,
915 633 1096 682 volavit
1110 649 1275 680 rumor
1290 633 1400 696 satis
1417 632 1583 696 ingens

168 709 302 777 quud
318 710 417 759 dux
439 711 665 758 Cflvensis
689 711 948 759 exercitum
971 710 1233 778 adparabat
1254 720 1302 760 et
1322 724 1584 776 congrega-

166 786 253 839 fflt
277 790 333 836 ut
351 787 725 853 Trajectensibus
750 788 970 850 obsessis,
997 789 1131 853 juxta
1158 788 1291 854 quod
1315 790 1586 855 promisisse

168 862 420 928 tbi-chanst,
446 880 695 915 succursus
710 865 942 937 praeberet
961 866 1145 914 solatia.
1170 865 1263 914 Sed
1280 884 1392 914 cum
1413 867 1588 915 coactis

168 934 319 1010 copiis
339 955 458 1009 quas
479 944 742 993 adsciscere
761 952 966 1011 poterat,
992 961 1042 992 se
1064 945 1205 992 nimis
1226 960 1427 992 numero
1450 953 1499 992 et
1518 944 1589 991 vi-

168 1019 300 1070 ribus
319 1021 502 1070 videret
515 1022 809 1084 inferiorem,
828 1021 963 1070 domi
978 1021 1201 1084 substitit,
1222 1038 1312 1069 nec
1331 1022 1456 1070 ultro
1477 1038 1589 1087 pro—

170 1098 302 1169 3έὸᾅί
322 1113 467 1150 ausus
490 1098 593 1149 fuit.

234 1175 407 1228 Mansit
435 1186 598 1228 autem
625 1179 824 1244 Trajecti
858 1179 954 1228 dux
988 1180 1089 1245 ipse
1124 1179 1469 1229 Maximilianus
1493 1181 1593 1230 dies

170 1255 346 1306 multos
380 1269 493 1306 cum
526 1257 622 1305 suis
654 1257 901 1306 militibus.
935 1259 1030 1317 Qui
1053 1272 1166 1306 cum
1186 1259 1495 1308 innumerosa
1519 1277 1592 1308 es-

171 1344 277 1383 sent
300 1332 603 1383 multitudine
635 1345 684 1384 et
701 1336 942 1384 variarum
968 1336 1240 1400 linguarum
1268 1347 1410 1402 atque
1444 1339 1594 1386 natio-

173 1418 309 1475 num,
330 1413 410 1462 alii
428 1413 570 1472 Galli,
591 1413 672 1462 alii
693 1413 907 1480 Hispani,
930 1414 1009 1462 alii
1030 1415 1295 1477 Teutonici,
1319 1414 1399 1463 alii
1417 1425 1466 1463 et
1483 1428 1593 1481 pars

172 1504 346 1556 magna
376 1491 437 1539 de
465 1491 689 1540 inferiore
716 1491 1018 1552 Alemannia,
1046 1492 1238 1541 difficile
1260 1492 1475 1541 cohiberi
1497 1510 1593 1559 po—

173 1577 367 1618 tuerunt
407 1587 468 1618 ne
506 1570 747 1618 civitatem
785 1570 1046 1636 diriperent
1086 1586 1142 1618 ac
1186 1571 1460 1636 spoliarent.
1503 1572 1596 1619 Sed

174 1655 407 1712 quantum
440 1647 592 1696 facere
629 1648 787 1714 potuit
820 1648 920 1713 ipse
951 1648 1321 1696 humanissimus
1346 1649 1593 1714 princeps,

176 1739 238 1773 ne
257 1725 310 1773 id
330 1725 463 1774 fieret
485 1725 682 1784 obstitit,
710 1743 876 1773 curam
904 1724 1090 1773 haben's
1116 1735 1164 1773 et
1187 1742 1384 1774 omnem
1415 1727 1475 1774 ad
1501 1727 1597 1774 hoc

178 1798 411 1848 adhibens
432 1799 802 1848 sollicitudinem
828 1809 883 1847 ut
902 1798 963 1846 de
985 1799 1223 1864 stipendio
1250 1801 1509 1848 constituto
1531 1802 1598 1848 eis

179 1876 461 1926 satisfaceret
474 1912 499 1940 ,-
515 1877 581 1926 ob
605 1878 740 1942 cujus
761 1877 1012 1925 solutionis
1032 1876 1273 1924 defectum
1292 1875 1382 1924 sibi
1406 1878 1455 1924 in
1483 1895 1599 1943 prae-

180 1949 293 2004 dam
316 1952 491 2004 debere
514 1956 723 2022 permitti
754 1955 993 2003 civitatem
1028 1953 1362 2002 causabantur.
1392 1957 1498 2002 Non
1530 1966 1599 2005 ta-

158 2028 291 2085 .n1en
306 2033 429 2082 adeo
444 2050 595 2100 usque
609 2033 843 2081 contineri
858 2042 1134 2098 potuerunt,
1155 2033 1271 2098 quin
1291 2033 1598 2098 particulares

179 2110 359 2177 praedas
386 2122 434 2160 et
463 2113 652 2179 rapinas
685 2121 879 2176 agerent
906 2120 1047 2176 atque
1069 2111 1247 2159 damna
1274 2111 1322 2157 in
1349 2112 1599 2176 quamplu-

181 2184 311 2239 ribus
344 2190 525 2239 aedibus
557 2191 838 2253 irrogarent.
878 2191 932 2236 In
972 2188 1131 2236 multis
1163 2205 1335 2254 nempe
1374 2188 1599 2237 domibus

182 2266 301 2316 ostia
329 2285 384 2317 ac
407 2269 647 2329 fenestraS‚
673 2267 894 2316 detractis
917 2267 1227 2326 ferramentis,
1261 2275 1520 2330 caeteraque
1545 2258 1599 2315 li'-

184 2350 303 2407 gnea
331 2344 590 2394 domorum
620 2347 933 2394 instrumenta
961 2341 1338 2403 comburebant;
1366 2359 1470 2405 nec,
1502 2361 1598 2410 prae

184 2421 500 2485 multitudine,
524 2424 585 2471 de
614 2423 811 2488 hujusce
830 2422 1010 2471 delictis
1033 2438 1184 2488 poenae
1206 2421 1328 2469 sumi
1357 2429 1594 2486 poterant.

185 2495 306 2547 Cum
322 2500 451 2547 enim
469 2499 528 2548 de
551 2499 840 2565 quibusdam
861 2517 919 2548 ex
935 2499 1064 2566 ipsis,
1087 2500 1170 2565 qui
1192 2498 1381 2564 capitali
1400 2499 1599 2546 crimine

186 2574 489 2625 condemnati
513 2583 669 2639 erant,
706 2578 992 2644 supplicium
1022 2575 1308 2624 sumendum
1332 2575 1475 2637 soret,
1500 2593 1599 2624 sese

186 2652 236 2700 in
259 2671 410 2703 unum
430 2671 597 2719 agmen
620 2672 792 2719 magna
809 2654 1139 2719 hujuscemodi
1164 2655 1441 2718 iniquorum
1462 2654 1600 2701 turba

186 2743 424 2797 cogentes,
450 2750 556 2781 reos
577 2734 809 2798 supplicio
841 2733 1071 2781 violenter
1093 2741 1371 2781 exemerunt
1401 2749 1412 2778 ι
1445 2731 1596 2795 quod,

187 2827 247 2859 ne
282 2811 469 2875 gravius
496 2811 788 2875 contingeret
828 2810 1131 2871 scandalum,
1169 2809 1374 2858 inultum·
1409 2809 1597 2859 mansit.
