2060 3392
495 290 518 324 6
855 288 1198 345 HJSTORIARUM
1225 288 1460 327 LUDovlct
1488 291 1544 327 xl

492 377 809 443 praeferendus
842 375 932 423 sibi
966 369 1345 439 quibuscumque
1372 377 1474 424 aliis
1512 377 1787 439 videbatur3
1823 380 1907 429 sed

490 465 538 503 et
563 473 619 503 ex
648 456 742 503 alio
770 455 920 519 capite
937 491 949 514 ,
976 469 1110 514 cum,
1147 469 1204 500 ex
1237 454 1424 502 notoria
1454 456 1586 518 regni
1613 459 1906 506 Francorum

490 531 832 581 consuetudine
854 568 867 592 ,
913 530 1337 595 quotienscumque
1387 532 1556 596 aliquis
1594 534 1795 583 moritur
1835 545 1905 583 te-

489 628 607 659 nens
646 610 840 657 feodum
867 625 896 655 a
925 625 1057 671 rege,
1098 609 1269 656 relictis
1306 609 1412 658 filiis
1449 611 1799 677 impuberibus,
1827 613 1906 678 Jus

487 687 631 736 hahet
668 703 749 740 rex
791 686 945 733 tutelae
983 695 1125 750 atque
1168 686 1338 750 gardiae
1380 689 1683 754 impuberum
1706 727 1721 753 ,
1762 701 1906 757 atque

486 764 613 812 feodi
641 779 723 811 seu
756 761 1031 825 feodorum,
1056 779 1160 827 quae
1191 763 1442 813 defunctus
1469 765 1530 814 de
1554 767 1659 832 ipso
1679 767 1900 830 tenebat;

486 857 574 888 nec
605 857 720 888 vero
751 838 908 887 solum
950 839 1200 888 feodorum
1232 842 1423 890 illorum
1440 881 1453 905 ‚
1491 844 1574 892 sed
1602 855 1651 894 et
1685 847 1904 895 omnium

485 917 711 978 aliorum,
748 927 850 965 esto
884 918 1017 981 quod
1050 917 1110 965 de
1143 918 1337 986 diversis
1371 921 1665 987 principibus
1700 923 1776 971 vel
1813 925 1902 972 do-

485 995 626 1042 minis
657 1004 925 1057 teneantur,
966 996 1064 1060 regi
1099 994 1235 1062 [non]
1268 997 1468 1046 subditis
1503 999 1642 1064 (satis
1669 1001 1799 1050 enim
1833 1014 1904 1052 est

483 1071 614 1136 quod
648 1073 873 1135 alterum,
905 1072 981 1121 vel
1013 1074 1291 1136 minimum,
1333 1075 1394 1123 de
1430 1093 1538 1140 rege
1567 1087 1783 1126 teneatur
1796 1117 1809 1141 ,
1851 1091 1903 1129 ut

483 1159 761 1197 caeterorum
787 1150 1006 1197 omnium
1031 1166 1113 1198 rex
1142 1151 1355 1215 gardiam
1379 1163 1426 1200 et
1452 1154 1649 1202 tutelam
1681 1172 1777 1204 suae
1808 1158 1903 1206 uti-

482 1226 624 1274 litatis
653 1227 853 1286 efficiat)
879 1245 889 1274 ε
917 1226 1006 1275 sub
1030 1227 1106 1276 his
1126 1229 1268 1292 igitur
1289 1230 1530 1278 coloribus
1543 1269 1556 1294 ,
1582 1233 1719 1281 initio
1737 1250 1903 1300 appre-

482 1304 724 1353 hendebat
747 1322 855 1367 rex,
884 1315 1113 1371 tanquam
1142 1306 1298 1355 filiolae
1330 1325 1424 1356 suae
1447 1319 1593 1372 tutor,
1627 1310 1903 1375 hujusmodi

482 1392 629 1431 terras
659 1399 769 1431 suas
802 1393 945 1449 atque
981 1383 1222 1448 dominia,
1257 1402 1467 1434 asserens
1493 1404 1542 1435 se
1575 1388 1757 1439 nullam
1791 1407 1903 1457 erga

482 1475 560 1508 eas
590 1476 807 1508 exercere
843 1461 963 1509 velle
998 1461 1305 1511 hostilitatem
1338 1480 1422 1511 seu
1452 1464 1717 1530 perfidiam.
1758 1469 1902 1526 Quod

482 1539 809 1604 quamplures,
854 1540 1013 1588 minus
1045 1541 1244 1606 provide
1281 1541 1617 1606 hujuscemodi*
1647 1545 1769 1609 regis
1804 1563 1901 1596 ser-

482 1616 706 1665 monibus
739 1617 883 1665 fidem
912 1627 1207 1683 praestanteS,
1245 1620 1354 1668 satis
1374 1621 1639 1685 perniciose
1665 1621 1827 1672 fefellit
1855 1635 1902 1674 et

482 1691 668 1741 delusit.

546 1770 795 1819 Audientes
813 1781 974 1820 autem
994 1772 1096 1820 haec
1124 1774 1189 1822 ita
1207 1790 1292 1839 per
1314 1790 1474 1838 regem
1507 1776 1711 1839 actitari,
1739 1779 1822 1842 qui
1839 1779 1901 1828 de

483 1847 707 1895 omnibus
717 1849 851 1897 terris
861 1838 1166 1915 principissae,
1182 1850 1417 1913 Gandavi,
1443 1851 1504 1900 de
1524 1851 1740 1917 quolibet
1749 1852 1873 1903 statu
1883 1893 1896 1916 ,

483 1924 632 1986 gradu
667 1934 810 1989 atque
833 1926 1001 1974 ordine
1035 1938 1385 1990 convenerant,
1414 1928 1712 1978 destinarunt
1736 1930 1800 1980 ad
1826 1948 1900 1980 re·

483 2016 590 2063 gem
610 2001 873 2049 solemnem
888 2003 1193 2066 legationem,
1221 2005 1271 2052 in
1295 2021 1391 2070 qua
1408 2005 1539 2053 fuere
1556 2006 1654 2054 duo
1675 2009 1898 2073 praecipui

481 2078 787 2125 cancellarius
810 2078 1020 2127 defuncti
1040 2081 1266 2147 principis
1282 2092 1329 2129 et
1350 2082 1574 2130 dominus
1591 2083 1651 2131 de
1668 2083 1900 2132 Humber-

481 2156 656 2213 σθω-ε’,
678 2155 766 2202 viri
789 2157 951 2220 utique
973 2158 1183 2207 saeculari
1211 2158 1465 2225 prudentia
1484 2160 1731 2223 callentes,
1752 2172 1800 2209 et
1815 2163 1897 2227 qui

482 2233 611 2296 apud
633 2233 910 2283 defunctum
931 2237 1197 2303 principem
1214 2239 1454 2304 praecipuo
1492 2239 1679 2288 honore
1712 2241 1899 2290 fuerant

480 2308 630 2357 habiti
643 2347 656 2372 ,
683 2314 958 2377 magnisque
979 2314 1068 2362 sub
1087 2315 1283 2375 eodem,
1308 2315 1441 2363 brevi
1461 2318 1689 2382 temporis
1712 2319 1864 2384 spatio
1880 2356 1893 2381 ,

533 2451 573 2490 1.
605 2450 819 2491 Guillaume
847 2457 1049 2507 Hugonet‚
1084 2455 1301 2495 chancelier
1330 2457 1377 2495 de
1407 2459 1654 2510 Bou'rgogne,
1679 2466 1718 2496 et
1746 2458 1822 2498 Gui
1848 2458 1897 2498 de

477 2511 651 2561 Brimeu,
691 2515 867 2566 seigneur
899 2517 1243 2567 d'Humbercourt,
1277 2519 1404 2558 furent
1439 2520 1608 2571 envoyes
1637 2534 1687 2559 au
1717 2521 1797 2568 roi,
1816 2534 1896 2571 non

477 2585 545 2624 pas
557 2586 628 2626 par
643 2575 698 2613 les
715 2570 815 2615 Fltats
832 2607 842 2625 ‚
868 2579 961 2617 mais
983 2593 1054 2631 par
1074 2581 1111 2619 la
1132 2581 1331 2622 duchesse.
1349 2581 1513 2620 Thomas
1530 2581 1643 2620 Basin
1659 2595 1684 2621 a
1699 2582 1896 2622 consondu

478 2634 580 2673 deux
610 2635 850 2677 ambassades
878 2641 945 2691 qui
973 2642 1100 2680 furent
1128 2643 1303 2695 sepau-ees
1327 2656 1397 2695 par
1426 2657 1478 2682 un
1507 2644 1603 2682 mois
1631 2644 1892 2692 d⁷intervalle;

477 2708 543 2734 car
568 2698 663 2736 celle
687 2699 735 2737 de
761 2701 799 2738 la
827 2701 1011 2742 duchesse
1036 2705 1151 2755 partit
1172 2719 1222 2744 au
1240 2715 1569 2744 commencement
1594 2706 1642 2745 de
1670 2707 1824 2756 sevi-ier,
1855 2716 1894 2746 et

476 2759 571 2797 celle
588 2760 654 2798 des
672 2754 776 2800 Etats
797 2764 1006 2803 seulement
1025 2779 1072 2804 en
1093 2780 1208 2808 mars,
