2060 3392
643 307 788 344 LIBER
820 306 1087 345 SECUNDUS.
1502 307 1578 344 357

656 530 996 576 CAPITULUM
1030 531 1088 576 11.

162 671 272 718 Quod
283 700 294 717 ‚
309 672 399 709 sicut
413 671 624 720 dignitatum
642 671 798 707 eulmina
812 670 1064 719 temporalium
1084 671 1206 706 beatos
1230 670 1376 706 minime
1402 670 1581 716 efficiunt,

434 731 484 767 ita
500 744 567 767 nee
583 743 708 766 eorum
723 731 895 767 abscessio
911 743 971 766 seu
987 731 1141 767 carentia
1154 730 1313 767 miseros.

228 856 373 916 Quod
407 857 447 905 si
474 873 645 905 eorum
678 857 953 905 consecutio
982 866 1029 904 et
1051 856 1320 922 praesentia,
1353 872 1464 904 cum
1497 857 1583 905 rite

161 934 305 983 etiam
338 934 634 998 obtinentur,
665 933 831 983 beatos
860 935 1056 982 minime
1089 934 1317 993 efficiunt,
1350 950 1439 981 nec
1469 951 1584 999 pro-

162 1011 438 1076 fecto,'cum
464 1013 644 1062 abeunt
666 1023 713 1061 et
739 1013 964 1061 deserunt
984 1029 1294 1079 possessores,
1319 1012 1412 1059 nisi
1438 1012 1585 1060 iidem

161 1106 262 1139 sese
285 1091 495 1157 primum
516 1092 758 1152 deserant,
781 1090 990 1140 infelices
1017 1108 1099 1138 eos
1123 1100 1264 1155 atque
1288 1091 1485 1137 miseros
1508 1089 1586 1137 de·

161 1167 460 1233 relinquunt,
486 1169 720 1235 quidquid
751 1169 1025 1235 imperitum
1058 1168 1378 1234 insipiensque
1417 1168 1585 1232 vulgus

161 1245 223 1294 de
243 1263 301 1296 ea
318 1263 370 1294 re
393 1248 642 1296 existimet.
673 1248 783 1296 lllos
806 1247 1000 1295 forsitan
1025 1247 1242 1307 dixerim,
1271 1263 1383 1294 cum
1403 1245 1585 1295 abeunt

160 1323 519 1390 absceduntque
556 1325 618 1374 ab
651 1325 744 1385 eis,
784 1324 993 1372 infelices
1035 1335 1178 1389 atque
1215 1324 1412 1371 miseros
1441 1324 1584 1371 relin-

159 1418 324 1468 quere,
350 1405 434 1468 qui
464 1420 576 1451 cum
598 1404 665 1452 eis
689 1403 1012 1467 fungerentur,
1048 1403 1160 1468 ipsis
1189 1401 1406 1449 delectati
1426 1401 1585 1449 hono-

159 1479 317 1542 ribus,
346 1482 396 1528 in
420 1482 487 1528 eis
513 1497 708 1529 omnem
729 1496 946 1528 amorem
969 1490 1017 1528 et
1037 1479 1261 1527 affectum
1285 1496 1448 1541 suum,
1478 1489 1583 1527 tan-

158 1573 304 1623 quam
334 1559 385 1606 in
415 1576 604 1607 summo
634 1559 768 1606 bono
790 1575 889 1623 quo
919 1558 1023 1606 solo
1051 1575 1099 1606 se
1119 1558 1287 1606 beatos
1318 1557 1420 1606 fieri
1454 1558 1579 1606 arbi-

158 1644 411 1699 trarentur,
445 1646 757 1702 reponerent3
792 1652 1000 1701 quorum
1037 1635 1337 1683 calamitosos
1368 1651 1504 1683 casus
1537 1645 1584 1682 et

159 1713 321 1776 tragici
356 1723 404 1761 et
443 1715 749 1779 quamplures
789 1714 1097 1760 historiarum
1133 1713 1409 1777 scriptores,
1453 1712 1583 1759 velut

159 1791 311 1838 tristes
332 1801 475 1856 atque
500 1790 733 1852 infelices,
765 1790 1028 1837 retulerunt
1050 1799 1097 1836 et
1121 1789 1357 1836 dixerunt.
1385 1789 1582 1853 Sapiens

159 1877 319 1916 autem
346 1869 420 1916 vir
449 1878 496 1916 et
522 1867 646 1916 bene
678 1868 919 1915 institutus
944 1867 1086 1930 longe
1115 1866 1250 1914 aliter
1271 1865 1577 1926 existimabit,

159 1945 268 2010 qui,
293 1946 332 1992 si
355 1945 419 1994 ad
446 1945 721 2010 hujusmodi
755 1944 1014 2010 aliquando
1048 1944 1336 1992 adsciscatur
1363 1954 1411 1991 et
1432 1943 1580 1991 subli-

160 2032 316 2071 metur
347 2023 579 2084 honores,
615 2039 909 2086 cognoscens
944 2039 993 2070 se
1026 2021 1088 2070 ad
1125 2021 1316 2087 pondus
1349 2031 1395 2067 et
1416 2037 1580 2068 curam

159 2100 401 2164 regiminis
431 2117 717 2165 gravemque
752 2101 988 2148 sarcinam
1017 2115 1074 2147 ac
1106 2099 1379 2147 servitutem
1414 2115 1581 2146 evoca-

159 2186 286 2237 tum,
329 2187 582 2242 menteque
621 2187 668 2225 et
700 2177 862 2225 animo
897 2176 1156 2243 prudenter
1199 2176 1580 2224 animadvertens

158 2271 306 2319 quam
328 2254 478 2319 fragili
509 2265 556 2302 et
589 2255 782 2320 ancipiti
809 2254 919 2302 loco
953 2254 1141 2301 culmen
1169 2253 1370 2300 honoris
1398 2263 1581 2318 tempo-

159 2327 270 2379 ralis
288 2331 574 2380 collocatum
596 2332 672 2393 sit,
697 2332 981 2396 quantisque
999 2330 1141 2387 curis,
1162 2329 1576 2391 sollicitudinibus,

160 2409 410 2471 molestiis,
448 2409 668 2475 periculis
701 2407 1046 2473 timoribusque
1088 2408 1413 2473 suppositum,
1448 2408 1580 2455 nullo

161 2485 309 2533 modo
333 2502 389 2532 ex
414 2486 539 2534 illius
570 2486 907 2534 consecutione
930 2485 1114 2533 felicem
1149 2501 1198 2532 se
1232 2485 1470 2550 reputabit
1501 2495 1581 2533 aut

160 2561 371 2611 beatum.
411 2566 469 2611 Et
497 2581 582 2629 per
609 2564 722 2626 hoc,
753 2564 791 2611 si
816 2581 928 2612 eum
956 2562 1030 2610 vel
1050 2564 1227 2624 honor,
1253 2563 1328 2611 vel
1357 2562 1580 2610 eumdem

162 2640 261 2706 ipse
299 2641 537 2689 honorem
561 2641 889 2706 dereliquerit,
924 2642 1057 2689 nullo
1080 2641 1228 2688 modo
1260 2658 1318 2688 ex
1346 2641 1447 2704 ejus
1477 2638 1585 2686 abs·

162 2733 295 2765 oessu
318 2718 393 2765 vel
411 2718 618 2766 discessu
638 2735 687 2766 se
709 2718 945 2767 infelicem
963 2719 1105 2767 ducet
1122 2718 1195 2765 vel
1215 2719 1456 2766 miserum.

165 2848 172 2855 ,
229 2795 356 2853 Quin
391 2795 488 2843 imo
521 2796 844 2861 quamplures,
877 2797 959 2860 qui
996 2795 1069 2843 vel
1108 2796 1289 2860 impetu
1321 2794 1519 2841 fortunae
1553 2809 1581 2839 a
