2060 3392
692 289 837 339 mim
864 289 1061 329 szst.
1513 295 1590 330 ¹15

176 377 329 430 unium
362 376 470 430 filiae
497 377 656 429 Caroli
675 414 688 439 ,
714 377 1108 441 Burgundionum
1139 377 1299 440 ducis,
1330 388 1472 443 atque
1497 379 1590 428 hae-

175 454 326 521 mdis)
345 491 359 517 ,
398 470 488 504 nec
516 454 825 508 humanitatis
846 454 1252 520 contemplatione
1267 493 1282 517 ,
1317 472 1407 503 nec
1438 458 1593 522 ponti-

173 531 323 584 &alis
343 542 484 584 tantae
502 532 742 596 dignitatis
764 531 1049 594 reverentia,
1071 549 1171 581 non
1195 543 1264 581 est
1282 550 1447 598 passus
1469 535 1591 582 tradi

172 608 451 675 sepulture,
486 609 644 659 donec
674 610 810 658 tertia
844 609 1042 659 demum
1078 609 1182 673 die,
1213 610 1436 663 fratribus
1467 611 1592 666 beati

170 687 407 739 nancisei
435 703 548 737 eum
591 686 768 734 obnixe
806 686 1085 751 rogantibus
1100 725 1113 747 ,
1153 704 1328 754 corpus
1361 688 1508 739 levari
1548 699 1594 738 et

169 764 422 837 sepultum:
442 765 567 814 tradi
588 764 714 813 male
734 763 890 812 libens
911 765 1140 830 permisit.

234 844 347 893 Acta
371 851 443 890 est
474 842 577 890 haec
609 841 760 890 oeedes
787 851 834 889 et
866 852 966 890 tam
1002 843 1194 890 crudele
1231 859 1288 891 ac
1312 843 1593 911 parricida-le

167 919 464 985 marilegium
477 958 491 982 ,
511 937 642 970 anno
660 924 973 970 ncceczxxxh
988 958 1002 982 ‚
1024 921 1299 987 paenultima
1320 921 1398 969 die
1420 923 1595 971 mensis

169 1000 372 1064 angusti.
411 994 543 1049 Illico
583 1010 743 1048 autem
778 1000 877 1047 hoc
915 1009 1100 1065 patrato
1142 1000 1343 1048 immani
1385 1000 1561 1048 scelere
1577 1038 1590 1062 ,

166 1075 299 1128 idem
323 1077 576 1143 sacrilegus
599 1079 650 1127 in
678 1078 916 1127 civitatem
944 1077 1078 1125 irruit
1094 1115 1107 1139 ‚
1132 1086 1180 1125 et
1207 1087 1370 1143 portas
1396 1094 1485 1124 nec
1511 1076 1594 1127 ob·

167 1164 344 1208 seratas
378 1171 469 1205 nec
487 1156 697 1207 munitas
722 1155 994 1216 inveniens,
1035 1171 1142 1205 eam
1158 1192 1171 1216 ,
1202 1155 1334 1205 nulla
1358 1154 1450 1201 sibi
1471 1154 1594 1203 sacta

168 1233 458 1292 adstantia,
497 1233 726 1287 introivit.
772 1235 897 1281 Sane
934 1249 992 1282 ex
1023 1232 1118 1280 hoc
1147 1242 1289 1296 atque
1322 1232 1447 1293 aliis,
1486 1249 1591 1296 quae

168 1308 375 1360 subinde
405 1320 567 1359 secuta
592 1320 729 1371 sunt,
776 1310 888 1359 satis
920 1309 1178 1373 conjectari
1206 1310 1364 1374 potuit
1400 1309 1590 1373 qualem

167 1403 452 1438 moremac
462 1386 771 1436 dilectionem
785 1387 882 1438 loci
896 1387 1022 1435 cives
1034 1396 1081 1434 et
1096 1385 1269 1434 accolae
1285 1384 1349 1433 ad
1365 1386 1589 1435 eumdem

167 1463 445 1530 pontificem
481 1481 623 1514 suum
654 1464 961 1523 habuissent3
1006 1464 1089 1528 qui
1127 1480 1217 1511 nec
1258 1463 1326 1511 illi
1361 1464 1588 1528 sacrilego

165 1557 276 1592 sius
307 1540 516 1606 objicere
556 1552 720 1608 portas
758 1550 1010 1604 curarunt,
1047 1539 1131 1588 sed
1162 1540 1370 1588 ultronei
1402 1542 1553 1605 magis
1573 1579 1585 1602 ,

165 1619 301 1684 quasi
321 1635 434 1669 eum
459 1619 522 1668 ad
547 1618 639 1668 sibi
665 1618 1017 1685 praesidendum
1038 1618 1315 1669 invitassent
1329 1655 1343 1679 ‚
1371 1618 1421 1665 in
1453 1635 1588 1667 suam

166 1696 462 1748 inu-omisere
483 1698 739 1747 civitatem.

610 1871 955 1918 CAPITULUM
992 1872 1136 1917 XXX.

163 1987 358 2032 Quomodo
381 1989 478 2025 idem
498 1990 683 2038 sacrilegus
704 1990 847 2026 intravit
873 1989 1049 2025 leodium
1062 2017 1072 2032 ,
1100 1998 1134 2024 et
1160 1988 1274 2036 coegit
1298 1989 1431 2023 clerum
1460 1989 1588 2036 eligere

210 2044 326 2080 fllium
349 2058 454 2081 suum
474 2047 512 2082 in
535 2047 764 2095 episcopnm3
791 2056 826 2082 et
845 2047 995 2093 qualiter
1022 2046 1277 2082 Brab-ntionee
1299 2045 1485 2080 comtibus
1516 2045 1588 2079 suis

211 2101 353 2139 obvim
369 2102 486 2140 inunt
497 2104 524 2141 ¹.

227 2213 468 2277 Ingressus
497 2213 656 2277 itaque
672 2248 685 2271 ‚
713 2213 763 2259 in
792 2229 879 2259 suo
903 2211 1111 2260 adventu
1142 2211 1374 2277 plurimos
1402 2221 1501 2259 tam
1528 2229 1583 2258 ex

162 2288 291 2341 clero
306 2325 321 2351 ,
346 2306 492 2356 quam
512 2308 569 2340 ex
594 2289 802 2349 civibus,
828 2291 911 2354 qui
940 2306 1042 2339 rem
1061 2290 1271 2354 aliquam
1293 2288 1472 2337 habere
1500 2306 1585 2354 pu-

161 2373 391 2427 tarentur,
408 2366 551 2416 bonis
572 2368 806 2434 spoliavit.
830 2371 941 2416 Erat
957 2367 1088 2415 enim
1100 2370 1116 2392 ¹
1131 2367 1223 2414 sibi
1240 2367 1430 2432 suisque
1451 2367 1585 2414 satel-

162 2443 323 2493 litibus
367 2449 479 2494 satis
527 2447 765 2494 sufficiens
805 2446 855 2493 id
900 2446 1032 2510 quod
1072 2446 1147 2493 vel
1188 2445 1249 2494 de
1288 2445 1454 2494 amicis
1502 2462 1562 2492 au

163 2520 443 2583 fautoribus,
466 2541 549 2572 seu
565 2525 845 2572 consiliariis
861 2523 1072 2571 defuncti
1094 2524 1356 2581 exstitisset,
1383 2523 1421 2569 si
1435 2519 1583 2586 [quis]

165 2597 462 2651 facultatibus
494 2603 673 2669 pollere
701 2614 749 2651 et
773 2602 987 2670 lecuples
1011 2602 1111 2650 fore
1137 2601 1423 2650 crederetur.
1459 2604 1584 2646 Post-

218 2735 256 2772 1.
284 2733 463 2786 Chapitre
481 2735 660 2788 imprime
675 2736 772 2774 dans
790 2735 1066 2787 l’Amplissima
1084 2738 1263 2774 collectio.

218 2797 258 2837 Ξ.
290 2796 416 2834 Plutot
434 2811 506 2835 non
524 2808 607 2835 erat
626 2803 742 2837 enim.
