2060 3392
476 308 554 344 280
1053 301 1299 339 APOLOGIA
1318 328 1328 346 ,

478 394 637 442 eunda
659 392 952 440 ducebamus
967 427 979 449 ,
1008 400 1060 437 ut
1081 426 1092 450 ,
1115 390 1153 436 si
1177 389 1337 437 divina
1361 390 1645 437 concederet
1661 390 1888 456 dignatio,

479 473 651 539 prioris
674 470 901 534 temporis
931 468 1260 531 negligentias,
1283 483 1380 530 quo
1398 505 1410 528 ,
1433 468 1534 531 jam
1555 468 1606 514 in
1626 467 1795 517 eadem
1815 485 1894 517 ee-

481 552 622 599 clesia
658 547 960 596 residentiam
1009 546 1156 593 ferme
1193 546 1418 593 continue
1459 546 1704 607 facienteS,
1734 548 1894 612 <ipsam

479 645 595 676 xvm
617 627 754 674 annis
767 638 772 641 ·
786 640 1055 672 rexeramus
1069 661 1082 685 ,
1108 624 1416 689 propensiore
1444 633 1585 688 atque
1600 624 1896 687 vigilantiore

480 694 595 754 cura
622 704 972 768 detergeremus
1001 712 1142 766 atque
1167 702 1544 749 emendaremus.
1580 705 1751 767 Magna
1784 712 1896 769 pro-

482 784 603 830 fecto
625 799 707 847 spe
732 783 783 828 in
807 782 1016 830 Domino
1046 780 1330 842 ferebamur,
1356 781 1395 827 si
1419 781 1500 828 illo
1520 780 1660 829 nobis
1672 783 1898 846 quemad·

482 859 683 907 modum
703 868 928 924 perantea
951 857 1154 905 residere
1175 857 1426 921 tranquille
1451 858 1683 919 licuisset,
1711 858 1772 906 de
1793 869 1898 907 tan-

482 939 583 986 tillo
617 947 759 1002 atque
786 937 955 1000 exiguo
988 935 1156 983 crediti
1179 945 1226 983 et
1247 935 1486 983 commissi
1514 935 1654 984 nobis
1678 936 1841 983 talenti
1869 954 1898 985 a

483 1015 692 1063 Domino
721 1014 917 1061 solerter
937 1013 1185 1076 negotiari,
1208 1022 1261 1059 ut
1272 1047 1285 1070 ,
1303 1029 1414 1058 cum
1432 1012 1627 1059 rationis
1645 1012 1899 1060 reddendae

485 1093 614 1159 apud
626 1092 890 1140 districtum
908 1093 932 1137 J
935 1090 1125 1139 udicem
1135 1100 1323 1155 tempus
1336 1090 1582 1138 advenerit
1592 1127 1604 1150 ‚
1620 1091 1775 1155 ipsum
1788 1108 1899 1138 cum

484 1172 680 1235 alicujus
708 1171 829 1218 lucri
853 1171 1146 1217 incremento
1172 1179 1490 1234 reportantes,
1523 1169 1584 1216 de
1606 1168 1701 1216 fide
1724 1180 1771 1217 et
1797 1170 1902 1218 dili-

486 1249 641 1312 gentia
675 1249 991 1314 potuissemus
1019 1248 1364 1295 commendari.
1399 1247 1468 1294 Ad
1497 1247 1593 1295 hoc
1622 1248 1750 1295 enim
1781 1265 1900 1314 prae-

486 1327 623 1390 cipue
639 1335 685 1372 et
704 1325 935 1372 librorum
954 1326 1284 1385 instrumenta,
1305 1334 1351 1371 et
1365 1334 1530 1372 caetera
1548 1324 1611 1372 ad
1627 1324 1903 1388 hujusmodi

485 1403 855 1465 negotiationem
876 1419 964 1467 pro
982 1402 1181 1450 modulo
1204 1403 1377 1450 virium
1398 1419 1566 1467 parare
1590 1403 1784 1449 solliciti
1806 1402 1904 1450 fue·

486 1496 661 1527 ramus.
694 1480 1081 1542 Verebamurque
1108 1481 1312 1527 maxime
1347 1490 1393 1527 et
1421 1479 1611 1527 acribus
1643 1481 1753 1527 satis
1786 1495 1903 1526 con-

488 1558 690 1604 scientiae
723 1558 921 1605 stimulis
951 1557 1298 1622 pungebamur,
1327 1574 1388 1603 ne
1411 1557 1552 1604 nobis
1583 1556 1643 1603 ad
1681 1572 1903 1619 magnam

487 1636 800 1699 imputaretur
823 1635 973 1699 culpae
999 1635 1255 1695 sarcinam,
1281 1635 1388 1693 nisi,
1415 1634 1527 1681 fidei
1555 1634 1722 1681 talium
1753 1633 1905 1681 aboli-

488 1712 674 1759 tionum
702 1712 928 1759 audacter
957 1701 1046 1759 nos
1074 1713 1422 1759 committentes
1443 1712 1567 1775 <quae
1589 1711 1904 1775 indulgentia-

486 1806 593 1835 rum
629 1799 676 1836 et
708 1789 1011 1836 securitatum
1042 1788 1244 1835 sormam
1281 1789 1604 1853 plenissimam
1645 1788 1906 1853 praetende·

486 1866 640 1929 bant),
681 1866 813 1929 quod
845 1866 895 1911 in
917 1865 1059 1912 nobis
1095 1882 1194 1912 esse
1223 1875 1432 1930 poterat,
1471 1866 1531 1913 de
1565 1865 1812 1913 redeundo
1844 1866 1905 1914 ad

487 1943 731 1990 ecclesiam
775 1953 824 1990 et.
853 1942 1087 2008 pastorale
1130 1943 1405 1990 exercitium
1449 1953 1676 1991 conatum
1710 1959 1906 1990 omnem

490 2029 630 2082 atque
662 2019 877 2067 debitum
908 2030 1126 2067 nostrum
1158 2020 1434 2068 faceremus.

554 2097 637 2143 His
671 2097 812 2159 igitur
847 2114 903 2144 ex
942 2098 1092 2144 causis
1139 2097 1356 2159 adducti,
1404 2099 1454 2145 in
1493 2098 1703 2145 Domino
1747 2097 1907 2162 potius

492 2190 636 2236 quam
646 2174 695 2220 in
712 2174 924 2221 mortalis
940 2174 1168 2239 principis
1180 2174 1576 2239 promissionibus
1591 2170 1909 2236 confidentes,

491 2267 718 2314 spemque
749 2261 899 2298 totam
934 2252 983 2297 in
1020 2268 1131 2298 eum
1162 2262 1446 2317 reponentes
1463 2290 1475 2314 ‚
1514 2253 1564 2298 in
1603 2252 1806 2316 patriam
1837 2269 1908 2299 re—

490 2327 689 2389 diimus,
737 2338 785 2375 et
815 2328 903 2375 sub
937 2329 1058 2391 regis
1098 2329 1329 2377 ditionem
1363 2346 1420 2376 ex
1457 2322 1711 2377 Brabantia
1745 2329 1906 2378 denuo

490 2405 816 2467 migravimus,
842 2405 991 2452 libros
1018 2406 1160 2453 etiam
1195 2417 1335 2470 atque
1369 2406 1740 2471 suppellectilem
1753 2443 1765 2466 ,
1803 2424 1907 2471 quae

492 2480 632 2528 nobis
664 2482 825 2530 relicta
855 2499 955 2530 esse
989 2493 1269 2547 potuerant,
1295 2484 1435 2530 simul
1468 2484 1690 2531 facientes
1714 2484 1901 2532 deferri.

494 2561 612 2605 Nam
638 2575 810 2621 magna
830 2575 962 2623 pars,
997 2559 1136 2620 dum,
1175 2561 1312 2625 pulso
1339 2577 1564 2624 germano
1587 2578 1674 2609 suo
1699 2562 1760 2609 de
1786 2549 1906 2610 Nor-

492 2632 686 2679 mannia
702 2668 714 2692 ,
749 2633 1046 2696 provinciam
1070 2650 1151 2680 rex
1177 2644 1493 2699 occupaverat
1508 2671 1521 2697 ,
1552 2646 1754 2682 cesserat
1784 2636 1906 2683 mili—

491 2706 617 2754 tibus
637 2709 686 2754 in
709 2709 941 2772 praedam,
964 2719 1010 2756 et
1033 2711 1368 2775 temporalium
1400 2721 1660 2776 proventus
1675 2749 1687 2773 ,
1719 2712 1770 2758 in
1794 2713 1906 2775 qui-

490 2782 581 2831 bus
595 2786 831 2850 praecipua
843 2786 1046 2833 ecclesiae
1072 2786 1160 2834 dos
1183 2788 1411 2849 consistit,
1431 2788 1493 2836 ad
1509 2804 1706 2836 manum
1727 2789 1904 2850 regiam
