2060 3392
489 261 538 298 52
857 261 1198 299 HISTORIARUM
1226 262 1461 300 LUDOVICI
1490 262 1547 300 xl

488 366 576 396 nec
598 348 930 412 hujuscemodi
954 349 1220 395 Germaniae
1255 349 1422 414 populi
1449 348 1510 395 de
1539 347 1713 396 talibus
1738 350 1904 415 prodi-

487 426 698 475 tionibus
727 426 907 486 notari,
945 426 1027 472 sed
1058 426 1217 490 potius
1249 426 1308 474 de
1333 425 1556 473 fidelitate
1587 442 1643 473 ac
1672 426 1906 490 legalitate

488 503 815 552 commendari
839 513 1191 550 consueverunt
1203 507 1230 550 ¹.

549 582 647 628 Tali
667 596 779 627 vero
814 579 977 644 oppidi
1002 580 1219 627 Dolensis
1250 580 1537 641 infortunio,
1562 580 1694 645 quod
1727 582 1905 629 caeteris

487 660 649 725 patriae
681 656 868 723 oppidis
904 666 950 703 et
978 657 1250 722 opulentius
1282 667 1329 705 et
1361 658 1589 705 munitius
1619 657 1899 723 putabatur,

484 736 702 784 exterrita
723 735 814 782 alia
838 734 1000 799 patriae
1023 734 1202 799 oppida
1239 744 1286 782 et
1321 736 1511 783 castella
1545 735 1690 783 ferme
1713 737 1899 798 omnia,

484 813 639 860 statim
690 811 967 859 melioribus
1011 828 1158 876 quam
1205 822 1465 877 potuerunt
1514 814 1719 878 acceptis
1773 814 1904 879 pacis

481 888 861 948 conditionibus,
887 888 1181 936 deditionem
1198 888 1410 936 fecerunt
1433 899 1481 936 et
1503 888 1592 936 sub
1613 890 1793 953 regiam
1817 896 1904 955 po-

483 977 723 1028 testatem,
756 967 890 1013 inviti
919 967 1028 1013 licet
1060 976 1106 1017 et
1136 966 1275 1014 valde
1306 966 1690 1032 repugnantibus
1704 968 1897 1030 animis,

483 1045 794 1093 devenerunt.
1174 1058 1177 1060 ’

542 1126 664 1171 Cum
672 1140 787 1171 vero
801 1123 1131 1187 conspicerent
1144 1123 1397 1182 Suitenses,
1414 1123 1682 1186 conquisita
1689 1127 1900 1189 Burgun-
1961 1180 1967 1187 ,

479 1201 581 1263 dia,
597 1211 695 1249 tam
717 1218 743 1248 e
758 1200 1032 1266 propinquo
1050 1200 1140 1247 sibi
1158 1201 1368 1248 vicinum
1392 1217 1574 1265 regem,
1596 1201 1731 1265 cujus
1755 1201 1899 1250 fidem

478 1288 524 1326 et
546 1279 775 1342 justitiam
803 1278 913 1326 satis
946 1294 974 1325 a
1004 1278 1156 1325 multo
1180 1288 1395 1343 tempore
1425 1278 1692 1343 exploratas
1721 1278 1900 1327 habere

480 1367 765 1421 potuerant,
791 1357 1000 1404 edictum
1026 1358 1331 1422 proposuisse
1362 1357 1611 1420 dicuntur‚'
1648 1367 1702 1405 ut
1732 1375 1900 1407 omnes

476 1435 559 1497 qui
584 1434 644 1481 de
667 1435 762 1482 suis
783 1451 839 1482 ac
867 1434 957 1481 sibi
979 1433 1316 1482 foederatorum
1331 1435 1466 1481 terris
1491 1435 1591 1499 regi
1609 1435 1894 1498 militabant,

476 1511 538 1558 ad
569 1529 704 1560 suam
730 1513 960 1577 patriam,
993 1499 1388 1576 infra'praefixum
1410 1513 1476 1559 eis
1506 1511 1658 1575 diem,
1693 1529 1794 1560 sese
1825 1530 1899 1561 re-

466 1589 742 1649 >traherent3
770 1589 982 1653 alioquin
1000 1626 1012 1649 ‚
1038 1589 1166 1635 velut
1190 1588 1374 1636 banniti
1394 1599 1440 1636 et
1462 1589 1644 1638 exsules
1665 1599 1897 1655 perpetuo

475 1667 781 1715 haberentur.
811 1670 920 1725 Quo
950 1676 1147 1731 accepto
1177 1668 1347 1713 nuntio
1363 1704 1375 1727 ‚
1400 1667 1546 1731 petita
1570 1683 1599 1715 a
1622 1683 1733 1730 rege
1755 1667 1899 1715 licen-

474 1747 539 1794 tia
569 1747 632 1794 ad
666 1746 861 1811 propria
892 1745 1151 1804 redeundi,
1190 1745 1424 1792 satisfacto
1456 1746 1522 1793 eis
1563 1745 1623 1794 de
1661 1738 1897 1811 promisso

475 1824 711 1890 stipendio
730 1827 766 1885 ²,
804 1823 866 1871 ad
905 1837 1002 1870 sua‘
1029 1824 1272 1870 revertisse
1308 1823 1548 1870 dicuntur.
1590 1827 1697 1871 Non
1735 1834 1897 1872 tamen

475 1903 725 1949 verisimile
754 1911 979 1966 putamus
1005 1901 1122 1965 quin
1155 1901 1314 1966 plures
1339 1901 1498 1949 adhuc
1531 1902 1774 1950 militaturi
1798 1902 1896 1965 regi

473 1980 811 2040 remanserint,
839 1978 1128 2042 stipendium
1162 1979 1300 2042 quod
1327 1996 1355 2026 a
1381 1996 1491 2042 rege
1521 1979 1788 2044 accipiunt,
1822 1979 1896 2027 his

475 2055 645 2115 bonis,
681 2070 786 2117 quae
813 2053 942 2118 apud
970 2071 1082 2102 suos
1115 2054 1322 2119 habituri
1364 2064 1544 2116 essent,
1575 2053 1890 2119 praeferentes.

476 2134 596 2178 Sunt
623 2132 754 2178 enim
788 2131 968 2195 majore
994 2148 1050 2177 ex
1078 2142 1212 2196 parte
1242 2132 1290 2178 in
1325 2132 1529 2196 propriis
1554 2131 1746 2179 sedibus
1773 2148 1893 2197 pau—

478 2226 613 2274 peres
630 2219 677 2256 et
694 2213 879 2274 inopes,
904 2219 1067 2274 utpote
1086 2210 1168 2272 qui
1195 2210 1383 2274 Alpium
1408 2208 1574 2271 frigida
1594 2208 1702 2256 loca
1717 2246 1730 2270 ,
1753 2219 1895 2274 atque

471 2288 586 2351 juga
610 2287 742 2334 arida
767 2287 1031 2351 steriliaque
1054 2287 1287 2335 incolunt.

543 2363 754 2409 Bisuntio
771 2364 785 2386 ³
827 2378 940 2409 vero
954 2399 966 2422 ‚
1019 2362 1214 2425 antiqua
1266 2371 1312 2408 et
1358 2360 1496 2408 firma
1541 2361 1705 2409 civitas
1718 2398 1731 2423 ,
1782 2376 1894 2410 cum

477 2440 657 2487 videret
679 2456 842 2488 casum
863 2440 1007 2486 totius
1025 2438 1282 2502 adjacentis
1302 2439 1582 2504 provinciae‚
1604 2455 1692 2487 nec
1715 2440 1894 2497 viribus

530 2588 567 2622 1.
602 2584 732 2623 Gollut
759 2583 887 2622 donne
906 2579 942 2621 le
960 2582 1028 2621 fait
1054 2596 1154 2634 pour
1173 2582 1333 2631 certain,
1357 2586 1560 2621 Me'moires
1579 2585 1628 2620 de
1649 2586 1687 2621 la
1704 2585 1893 2622 stanche-

477 2650 624 2694 comte,
645 2647 672 2684 l.
693 2649 751 2691 ΙΙ,
770 2645 836 2684 ch.
859 2659 964 2684 xux.

530 2711 568 2748 2.
602 2709 631 2746 11
651 2722 676 2759 y
693 2722 716 2746 a
735 2708 829 2746 dans
848 2709 884 2746 le
902 2708 1111 2747 manuscrit
1127 2710 1175 2745 de
1193 2712 1378 2759 promisso
1396 2711 1444 2746 de
1465 2712 1669 2760 promerito
1688 2711 1888 2762 stipendia

531 2775 568 2812 3.
602 2775 813 2810 Bisantium
838 2771 932 2810 dans
951 2772 986 2810 le
1005 2785 1075 2810 ms,
