2060 3392
407 302 482 339 378
974 301 1249 348 nomeu,

468 387 565 435 Alia
580 397 667 449 est,
693 387 825 451 quod
846 388 896 433 in
917 403 1218 452 quacumque
1235 403 1394 447 causa,
1419 388 1516 435 sive
1532 386 1592 435 de
1611 387 1826 454 proprie·

402 474 514 526 tate,
553 465 650 513 sive
690 465 750 512 de
786 465 1103 530 possessione,
1144 465 1240 512 sive
1276 464 1336 512 de
1374 481 1538 514 annuo
1572 481 1719 514 censu
1751 466 1826 515 vel

402 542 557 591 reditu
571 581 584 605 ‚
622 552 705 591 aut
734 544 840 607 jure
883 543 950 590 rei
985 543 1243 591 immobilis
1271 543 1680 608 qualitercumque
1712 561 1825 610 aga-

402 629 494 680 tur,
533 621 665 669 nulla
692 620 746 667 fit
771 620 1117 669 condemnatio
1149 637 1486 686 expensarum,
1523 638 1634 669 cum
1666 632 1825 671 tamen

402 714 500 744 non
523 694 768 745 omittatur
789 699 940 746 victus
958 699 1176 746 mulctari
1197 699 1417 764 pecunia.
1439 701 1509 747 Ita
1533 698 1585 746 fit
1599 709 1652 746 ut
1669 700 1827 749 nullus

399 791 714 840 expensarum
739 785 888 838 metu,
914 776 997 840 qui
1023 777 1201 824 multos
1229 792 1350 841 saepe
1373 776 1570 828 retrahit
1597 793 1626 825 a
1645 777 1827 842 litigan-

399 851 486 909 do,
514 850 612 899 sive
636 852 824 916 agendo
847 853 944 901 sive
968 852 1272 902 defendendo
1299 853 1605 916 cohibeatur3
1628 854 1713 902 sed
1739 871 1825 909 au-

398 928 561 979 dacter
585 931 930 995 unusquisque,
955 947 986 979 a
1005 947 1104 995 quo
1129 948 1298 979 census
1325 932 1496 995 aliquis
1517 932 1717 980 domino
1735 950 1824 985 suo

398 1018 480 1060 aut
495 1009 573 1073 jus
595 1010 725 1061 aliud
751 1009 974 1069 debetur,
996 1020 1168 1060 contra
1192 1009 1447 1058 dominum
1468 1019 1551 1058 aut
1577 1010 1826 1065 concivem

397 1102 478 1133 seu
512 1086 726 1139 vicinum
767 1104 908 1135 suum
943 1087 1109 1151 litiget,
1150 1097 1305 1135 certus
1332 1086 1488 1150 quod,
1520 1088 1606 1135 etsi
1643 1088 1827 1139 nullam

396 1163 698 1228 probabilem
720 1181 910 1214 causam
929 1164 1144 1229 litigandi
1167 1182 1278 1213 eum
1300 1164 1522 1213 habuisse
1543 1165 1822 1226 constiterit,

395 1241 516 1291 liber
548 1253 710 1291 tamen
740 1242 957 1294 manebit
988 1259 1018 1291 a
1048 1242 1453 1291 condemnatione
1487 1248 1821 1307 expensarum·

396 1321 465 1366 Ex
490 1336 588 1384 quo
620 1320 786 1371 dietim
817 1321 976 1368 evenit
1005 1330 1082 1379 ut,
1106 1321 1147 1367 si
1169 1320 1275 1384 quis
1298 1336 1495 1367 censum
1523 1320 1665 1368 unius
1686 1320 1827 1373 solidi

397 1399 622 1462 prosequi
639 1399 869 1463 litigando
887 1399 1107 1460 voluerit,
1131 1415 1242 1446 cum
1259 1398 1420 1463 patriae
1435 1397 1822 1460 consuetudines,

397 1488 444 1527 et
463 1479 706 1543 potissime
722 1478 809 1526 ubi
828 1479 1037 1526 ostensio
1062 1495 1145 1526 seu
1162 1478 1392 1527 exhibitio
1411 1468 1631 1525 locorum
1650 1478 1827 1543 petitur

399 1555 831 1620 (quemadmodum
853 1557 1128 1619 regulariter
1146 1557 1196 1604 in
1226 1555 1451 1603 omnibus
1476 1554 1650 1603 talibus
1672 1557 1826 1606 causis

393 1633 499 1680 fieri
519 1633 679 1696 solet),
696 1633 801 1680 lites
817 1643 900 1680 aut
917 1633 1217 1697 longissimas
1231 1633 1405 1680 saciant
1416 1642 1498 1679 aut
1512 1633 1821 1694 immortales,

395 1720 539 1775 atque
562 1710 824 1758 diutissime
841 1720 1120 1775 prosecutus
1137 1726 1330 1758 causam
1349 1725 1502 1769 suam,
1521 1708 1717 1756 tandem
1735 1726 1824 1774 pro

396 1801 446 1832 se
467 1786 753 1834 sententiam
775 1784 1062 1846 obtinuerit,
1091 1801 1205 1832 cum
1232 1783 1374 1838 nullae
1395 1782 1486 1830 sibi
1511 1782 1826 1832 refundantur

396 1878 630 1928 expensae,
657 1863 792 1911 illum
828 1862 947 1910 tanti
979 1862 1148 1909 emerit
1168 1861 1334 1924 quanti
1363 1860 1532 1908 decem
1562 1860 1638 1908 vel
1659 1861 1825 1924 viginti

400 1939 537 1986 initio
575 1939 670 1986 litis
709 1939 769 1987 de
805 1939 1046 2027 pecuniis,
1085 1954 1204 2003 quas
1234 1937 1465 2002 litigando
1499 1938 1822 2003 consumpsit,

396 2033 553 2065 emere
572 2018 827 2083 potuisset3
849 2027 895 2065 et
914 2018 998 2078 sic,
1021 2033 1134 2065 cum
1149 2017 1300 2065 victor
1315 2032 1413 2064 esse
1429 2025 1622 2081 putetur
1632 2016 1721 2081 (uti
1738 2033 1826 2082 par

396 2095 553 2158 esset),
592 2095 744 2144 victus
772 2106 933 2143 tamen
969 2094 1368 2160 perniciosissime
1400 2103 1448 2142 et
1482 2110 1594 2147 cum
1614 2095 1823 2147 maximo

397 2171 469 2217 sui
511 2171 799 2220 detrimento
838 2181 1131 2223 remaneat:
1175 2172 1386 2222 lucretur
1427 2188 1580 2219 unum
1617 2171 1824 2221 solidum

397 2264 589 2310 censuS,
615 2266 705 2314 pro
728 2266 827 2314 quo
850 2250 1008 2297 forsan
1033 2251 1250 2297 centum¹
1274 2258 1356 2296 aut
1382 2249 1585 2314 amplius
1605 2249 1825 2322 perdide-

397 2327 475 2388 rit,
498 2336 545 2374 et
562 2326 665 2374 haec
687 2326 803 2380 dolo
824 2337 873 2377 et
894 2327 1106 2391 nequitia
1121 2326 1377 2381 adversarii
1392 2336 1474 2377 aut
1492 2326 1660 2376 saltem
1674 2327 1824 2392 ipsius

397 2405 681 2467 temeritate,
719 2422 825 2470 quae
856 2416 982 2454 certe
1010 2405 1177 2454 victori
1212 2404 1446 2458 damnosa
1479 2420 1578 2459 esse
1614 2421 1715 2454 non
1736 2405 1823 2456 de-

396 2482 547 2534 beret.

452 2622 490 2658 1.
523 2621 575 2659 Ce
603 2619 741 2658 chiffre
763 2620 812 2658 de
831 2627 918 2658 cent
941 2632 1031 2659 sous
1061 2619 1298 2671 correspond
1315 2632 1365 2658 au
1387 2619 1555 2671 premier
1574 2627 1695 2658 terme
1713 2619 1815 2659 dela

398 2683 637 2736 supposition
661 2682 752 2722 faite
782 2682 878 2721 dans
908 2682 946 2720 le
968 2681 1141 2721 membre
1159 2682 1207 2722 de
1226 2681 1367 2734 phrase
1384 2681 1615 2734 precedent,
1639 2701 1657 2717 ι
1680 2682 1813 2734 quanti

397 2748 522 2784 decem
550 2747 614 2785 vei
645 2746 783 2799 viginti
804 2758 938 2785 emere
954 2746 1153 2798 potuisset.
1172 2763 1197 2781 -ι
1218 2749 1293 2786 Les
1319 2759 1410 2785 oens
1433 2760 1483 2785 au
1504 2753 1570 2784 xv·
1588 2746 1702 2784 siecle
1718 2759 1812 2798 mp-

370 2809 377 2815 '
394 2810 587 2860 ,pomient
606 2823 653 2850 en
673 2812 940 2861 moyenm'ffl
959 2822 1059 2861 pour
1078 2812 1155 2848 100
1167 2809 1228 2848 4ἀι]
1247 2810 1401 2862 prinde
1423 2810 1507 2849 leur
1526 2809 1764 2860 nmquis-itinn.

2056 1472 2060 1491 Ι

2057 1515 2060 1527 ι

2056 1537 2060 1558 l

2052 1600 2060 1699 ἔ
