2060 3392
612 331 759 367 LIBER
800 330 1070 368 SECUNDUS.
1479 332 1555 367 355

131 415 218 465 sed
234 417 410 476 veritas
424 427 593 467 contra
616 419 667 466 in
690 421 818 483 Luca
835 418 991 483 inquit
1017 435 1028 464 z
1059 436 1084 463 t(
1111 417 1256 476 Quod
1278 417 1558 466 hominibus

131 493 282 543 alum
301 504 394 558 est,
421 494 716 545 abominatio
741 489 811 545 est
834 506 945 545 ante
966 499 1148 558 Deum3
1178 515 1203 542 n
1234 506 1282 544 et
1306 496 1553 562 sapientis-

131 571 280 620 simus
307 573 487 622 Seneca
500 611 513 636 ,
539 592 564 620 «
587 575 759 638 Magna
780 592 805 619 »
828 573 985 637 inquit
1010 593 1033 616 α
1060 574 1259 633 servitus
1284 582 1355 620 est
1382 589 1557 638 magna

132 646 339 699 fortuna.
365 669 390 696 ι)
413 652 530 710 Quae
555 650 752 717 quidem
779 650 979 698 servitus
1010 666 1111 698 non
1139 649 1420 712 abnuenda,
1445 666 1557 697 eum

130 726 222 777 r‘ne
239 727 520 794 imponitur,
545 745 637 795 nec
659 728 926 794 abjicienda
945 738 1015 776 est
1031 729 1106 776 vel
1131 728 1371 794 fugienda,
1388 728 1472 776 ubi
1493 728 1557 777 ad

130 804 460 871 puximorum
489 807 739 854 utilitatem
771 816 968 872 propter
990 809 1147 854 Deum
1169 806 1368 872 perferri
1402 816 1450 854 et
1476 823 1556 855 ex·

130 881 279 947 pendi
297 892 475 949 potest,
504 883 588 931 sed
617 893 742 931 certe
765 883 970 932 libenter
988 882 1239 932 subeunda
1256 893 1303 931 et
1321 893 1558 948 gratanter

131 967 276 1024 atque
293 959 574 1009 obedienter
591 962 868 1010 sustinenda
888 979 949 1010 ex
970 961 1134 1010 debito
1161 963 1382 1011 caritatis.

197 1037 293 1086 Sed
311 1030 413 1086 esto
434 1039 568 1104 quod
583 1039 671 1088 rite
690 1041 797 1105 quis
818 1040 880 1088 ad
905 1041 1095 1088 culmen
1118 1041 1461 1104 cujuscumque
1478 1039 1562 1086 di-

133 1114 322 1178 gnitatis
341 1133 427 1165 seu
449 1117 872 1166 administrationis
888 1119 1165 1184 temporalis
1182 1118 1492 1184 provehatur,
1514 1127 1561 1165 et

131 1207 241 1241 eam
257 1204 473 1243 exerceat
493 1204 636 1260 atque
657 1194 954 1243 administret
970 1205 1026 1243 ut
1045 1195 1200 1256 decet,
1220 1195 1355 1260 quid,
1379 1211 1558 1260 quaese,

133 1268 185 1317 in
210 1270 502 1319 culminibus
528 1282 575 1320 et
600 1272 795 1336 fastigiis
821 1271 1098 1337 hujusmodi
1120 1273 1457 1338 temporalium
1474 1271 1561 1319 ad-

134 1347 538 1398 ministrationum
561 1359 704 1415 atque
724 1350 969 1398 honorum
987 1361 1035 1398 et
1056 1351 1342 1414 dignitatum
1361 1350 1557 1411 exsistit,

134 1435 304 1491 praeter
314 1428 403 1475 Dei
415 1437 463 1475 et
480 1429 686 1493 proximi
700 1438 897 1494 propter
912 1428 1001 1476 Dei
1019 1426 1332 1476 famulatum?
1352 1431 1410 1475 Et
1425 1427 1560 1492 quod

134 1504 339 1568 proinde
362 1522 463 1553 non
484 1506 536 1553 in
555 1505 648 1554 hac
670 1507 942 1554 transitoria
964 1506 1086 1568 vita,
1112 1506 1196 1554 sed
1217 1507 1268 1554 in
1299 1506 1459 1553 futura
1481 1504 1564 1553 ha·

134 1578 351 1630 bendum
386 1583 636 1648 praemium
674 1592 987 1648 exspectatur,
1026 1582 1146 1647 quid
1186 1582 1411 1648 sapientis
1450 1583 1561 1630 ani-

135 1673 271 1706 mum
294 1675 585 1725 magnopere
612 1659 898 1723 demulceat,
918 1660 995 1708 vel
1014 1660 1250 1708 ullatenus
1273 1659 1459 1707 felicem
1481 1670 1564 1708 aut

135 1733 332 1784 beatum
358 1736 557 1797 efficiat,
578 1737 795 1803 profecto
819 1754 921 1784 non
944 1736 1079 1784 facile
1099 1737 1304 1802 perspici
1329 1746 1412 1784 aut
1434 1737 1563 1785 inve-

136 1812 230 1860 niri
254 1824 426 1879 potest.
455 1816 633 1880 Saepius
650 1816 780 1863 enim
795 1814 991 1862 eosdem
1008 1814 1220 1862 honores
1236 1831 1293 1863 ac
1311 1814 1563 1879 dignitates

136 1889 314 1955 iniquis
337 1901 383 1939 et
407 1891 740 1956 insipientibus
763 1908 911 1956 quam
932 1891 1075 1940 bonis
1104 1901 1247 1956 atque
1271 1893 1563 1958 sapientibus

137 1968 391 2033 provenire
423 1977 471 2016 et
494 1968 570 2017 .ad
601 1985 685 2016 eos
706 1969 879 2017 deferri
901 1969 1138 2018 videmus.
1174 1970 1320 2027 Quod
1347 1971 1432 2018 etsi
1459 1988 1566 2037 per-

137 2045 333 2094 versitas
351 2045 527 2106 saculi,
552 2055 606 2093 ut
626 2042 866 2110 eleganter
884 2046 1053 2095 beatus
1075 2047 1230 2112 inquit
1252 2049 1559 2112 Augustinus,

137 2120 172 2168 l.
197 2125 258 2183 V,
286 2125 359 2171 De
380 2122 566 2171 civitate
597 2123 708 2181 Dei,
743 2140 786 2170 c.
822 2141 943 2185 xvn,
979 2124 1248 2172 admitteret
1275 2135 1329 2172 ut
1356 2125 1565 2175 honora-

138 2199 284 2249 tiores
303 2211 459 2250 essent
480 2202 658 2266 quique
681 2202 918 2265 meliores,
946 2219 1036 2251 nec
1064 2203 1131 2250 sic
1161 2219 1252 2268 pro
1274 2219 1451 2268 magno
1471 2205 1557 2253 ha·

139 2276 244 2326 beri
278 2277 445 2344 debuit
470 2279 632 2327 honor
660 2279 925 2341 humanus,
958 2281 1072 2344 quia
1106 2297 1218 2329 vera
1253 2282 1562 2330 aestimatione

139 2357 316 2406 nullius
337 2367 407 2406 est
427 2357 656 2424 ponderis
680 2358 855 2406 fumus.
879 2359 1008 2417 Quin
1035 2359 1133 2406 imo
1156 2358 1335 2409 eisdem
1365 2360 1562 2408 honori·

139 2432 248 2494 bna,
269 2435 414 2484 etiam
434 2453 547 2484 cum
571 2445 698 2483 recte
720 2445 769 2483 et
791 2452 846 2483 ex
869 2435 1004 2484 bono
1031 2446 1079 2484 et
1099 2453 1238 2502 aequo
1259 2437 1563 2503 possidentur

141 2520 283 2577 atque
317 2512 721 2574 administrantur,
762 2524 834 2562 tot
867 2531 992 2563 curae
1022 2524 1166 2580 atque
1201 2516 1427 2564 molestiae
1440 2553 1453 2575 ‚
1493 2526 1563 2563 tot

142 2599 297 2637 metus
320 2599 368 2638 et
383 2592 610 2656 pericula,
640 2601 711 2640 tot
728 2591 917 2641 labores
937 2602 985 2640 et
1003 2593 1343 2641 sollicitudines
1361 2610 1566 2641 connec-

143 2675 309 2714 tuntur
331 2677 380 2715 et
405 2668 666 2730 cohaerent‚
700 2679 754 2716 ut
774 2687 829 2718 ex
852 2686 909 2718 ea
937 2680 1070 2736 parte
1099 2687 1199 2718 non
1227 2672 1375 2719 modo
1402 2688 1566 2736 quem·

144 2759 290 2808 quam
312 2743 496 2792 felicem
519 2755 602 2793 aut
627 2744 840 2797 beatum.
866 2747 949 2795 sed
976 2748 1136 2813 potius
1163 2748 1400 2796 infelicem
1422 2758 1564 2812 atque

142 2821 371 2870 miserum
398 2822 585 2871 efficere
612 2832 659 2870 et
687 2823 886 2871 reddere
913 2825 1082 2890 procul
1115 2823 1265 2872 dubio
1288 2824 1556 2872 videantur.
