2060 3392
663 244 811 282 mim
858 242 1111 283 smmus.
1541 244 1611 280 181

199 319 404 396 ιιιιηυῄ
427 341 617 397 oportet
648 342 700 380 ut
732 331 829 379 fiat.
864 334 985 379 Cum
1011 347 1124 394 ergo
1158 330 1226 391 is,
1262 329 1322 377 de
1344 346 1443 394 quo
1479 331 1620 379 nobis

199 424 355 456 sermo
379 419 475 471 est,
494 410 564 457 uti
584 410 768 475 liquido
792 410 1008 475 superius
1030 408 1204 474 patuit,
1242 407 1346 454 talis
1377 409 1515 456 fuerit
1539 412 1622 475 qui

200 502 291 534 nec
315 487 573 552 promissa,
611 505 700 536 nec
727 488 912 552 jurata,
948 503 1038 534 nec
1069 487 1243 552 scripta
1265 495 1313 533 et
1338 486 1500 549 sigillis
1527 488 1622 534 suis

201 561 427 612 roborata
456 566 731 626 servaverit,
756 564 840 612 sed
874 580 964 629 pro
994 563 1131 611 libito
1159 563 1448 627 frequentius
1479 564 1624 611 viola-

202 640 344 700 verit,
395 640 642 689 deficiente
688 642 877 706 justitiae
922 641 1256 700 fundamento,
1293 657 1404 688 eum
1436 641 1622 705 justitiae

202 730 395 782 prorsus
429 727 669 782 expertem
693 717 833 764 fuisse
863 716 997 764 fateri
1026 733 1216 764 necesse
1242 725 1328 763 est.

207 831 211 853 ,-
262 793 478 852 Qualiter
509 796 639 843 enim
681 795 914 861 promissa
969 794 1222 841 servaverit
1236 831 1250 855 ‚
1288 810 1393 857 quae
1424 793 1624 841 solemni

201 882 496 921 sacramento
531 873 581 920 in
610 889 696 921 sua
718 872 1077 920 consecratione
1107 888 1192 918 seu
1214 872 1442 918 unctione
1469 872 1625 918 Remis

200 950 502 1015 promiserat,
538 961 584 998 et
615 960 804 1016 postea,
838 950 1025 997 Parisiis
1062 958 1303 1014 receptuS,
1342 949 1392 995 in
1427 949 1510 996 illo
1547 966 1625 996 ve-

203 1025 403 1075 nerabili
435 1028 613 1093 templo
647 1027 797 1075 beatae
827 1028 1009 1087 Mariae,
1049 1026 1098 1072 in
1133 1042 1282 1072 manu
1317 1026 1463 1090 ipsius
1495 1026 1626 1074 urbis

201 1103 464 1168 pontificis,
497 1105 713 1152 iterarat¹
762 1103 842 1168 (de
875 1102 1205 1151 conservando
1242 1102 1458 1150 subditos
1493 1103 1625 1167 regni

203 1180 276 1227 sui
308 1181 358 1227 in
390 1181 570 1245 justitia
603 1191 650 1229 et
678 1180 866 1245 juribus
901 1181 1022 1239 suis,
1059 1180 1120 1227 de
1151 1179 1383 1227 servando
1420 1180 1627 1227 ecclesiae

205 1258 338 1320 regni
364 1267 413 1304 et
441 1257 503 1304 de
541 1257 722 1305 tuendo
757 1258 1057 1323 privilegium
1094 1257 1403 1318 canonicum,
1441 1256 1503 1303 de
1531 1273 1627 1304 ser-

206 1334 364 1382 vando
391 1335 628 1398 integrum
654 1345 702 1382 et
727 1351 826 1382 non
848 1333 1102 1382 alienando
1133 1333 1414 1381 domanium
1437 1349 1627 1381 coronae

205 1429 324 1474 suae,
354 1413 509 1477 deque
529 1413 732 1461 alienata
763 1412 823 1460 ad
854 1411 932 1476 jus
954 1412 1099 1476 ipsius
1121 1411 1393 1459 revocando
1414 1420 1461 1458 et
1483 1422 1628 1459 retra·

205 1491 368 1539 hendo
397 1491 478 1557 [et]
514 1491 628 1550 alia,
667 1492 707 1539 si
737 1508 842 1556 quae
871 1499 1004 1551 sunt,
1031 1490 1145 1537 dicti
1181 1490 1463 1537 sacramenti
1497 1490 1626 1554 capi-

206 1568 355 1633 tula')
369 1606 383 1630 ‚
414 1570 501 1617 toti
531 1585 679 1633 regno
700 1579 748 1617 et
765 1569 853 1616 toti
874 1585 1009 1634 paene
1032 1567 1139 1616 orbi
1168 1568 1425 1615 christiano
1447 1568 1624 1615 factum

180 1656 302 1706 ast,
334 1646 456 1712 proh
492 1644 663 1694 dolor!
698 1647 1036 1711 conspicuum,
1069 1655 1117 1693 et
1148 1662 1205 1692 ex
1235 1645 1310 1692 his
1343 1663 1448 1710 quae
1481 1660 1625 1710 supra

266 1806 304 1844 1.
332 1808 430 1857 Voy.
458 1814 485 1846 t.
503 1808 561 1853 11,
591 1819 633 1858 p.
655 1807 720 1845 16.

265 1870 304 1906 2.
337 1868 443 1906 Voici
467 1868 562 1908 dans
593 1881 653 1907 ses
680 1881 841 1920 propres
874 1875 1013 1906 termes
1034 1867 1072 1906 la
1098 1867 1262 1906 formule
1292 1867 1341 1905 de
1365 1881 1410 1905 ce
1440 1875 1622 1906 serment.

213 1933 316 1969 Nous
342 1930 379 1968 la
401 1932 520 1970 tirons
538 1931 654 1970 d’une
672 1933 783 1983 copie
798 1944 874 1982 que
899 1929 1019 1969 Louis
1043 1932 1120 1979 XI,
1142 1930 1209 1980 qui
1232 1931 1365 1968 n’etait
1389 1943 1458 1982 pas
1477 1943 1565 1968 sans
1587 1943 1628 1967 se

213 1992 307 2031 faire
333 1992 616 2044 quelques-uns
642 1993 710 2031 des
737 1993 946 2044 reproches
972 2005 1048 2043 que
1074 2001 1184 2030 notre
1207 2000 1345 2030 auteur
1368 1992 1422 2030 lui
1447 1991 1627 2040 adresse,

212 2068 363 2106 envoya
387 2056 618 2108 enregistrer
635 2069 683 2094 au
706 2056 921 2107 parlemeut
938 2055 987 2093 de
1005 2055 1111 2093 Paris
1130 2055 1166 2093 le
1183 2057 1235 2093 22
1256 2054 1354 2093 avril
1377 2056 1481 2093 1482
1494 2084 1505 2102 ,
1525 2055 1629 2094 desi-

213 2125 315 2166 rant,
338 2117 517 2167 disait-il,
540 2118 749 2157 entretenir
766 2117 822 2156 les
840 2117 993 2156 articles
1012 2116 1122 2155 dudit
1140 2125 1309 2156 serment
1326 2125 1365 2155 et
1381 2117 1476 2155 faire
1490 2117 1630 2165 justice

213 2179 235 2216 a
253 2178 401 2218 chacun
423 2193 432 2217 ε
461 2197 478 2213 ι
498 2182 589 2218 Haec
614 2179 762 2231 populo
785 2178 994 2217 christiano
1014 2179 1109 2217 mihi
1134 2179 1309 2227 subdito,
1332 2178 1375 2216 in
1393 2179 1534 2218 Christi
1554 2191 1629 2217 no-

217 2257 237 2276 «
258 2241 381 2289 mine,
403 2242 601 2294 promitto.
626 2241 821 2293 Imprimis
846 2250 888 2279 ut
909 2241 1084 2279 Ecclesiae
1102 2241 1176 2279 Dei
1197 2241 1322 2279 omnis
1341 2241 1508 2294 populus
1527 2241 1630 2280 chri-

217 2318 237 2338 «
258 2303 402 2342 stianus
423 2317 556 2343 veram
575 2317 709 2356 pacem
730 2312 858 2342 vestro
876 2302 1035 2342 arbitrio
1056 2312 1184 2342 servet
1200 2303 1306 2341 omni
1325 2311 1511 2355 tempore.
1533 2306 1629 2342 Item

219 2383 237 2399 κ
259 2373 302 2404 ut
319 2379 453 2405 omnes
480 2367 706 2419 rapacitates
729 2374 766 2414 ct
791 2366 1012 2417 iniquitates
1033 2365 1082 2404 ab
1101 2365 1281 2404 omnibus
1304 2365 1488 2418 gradibus
1509 2365 1630 2404 inter-

221 2443 239 2460 ·
262 2425 398 2465 dicam.
418 2430 514 2466 Item
539 2437 582 2467 ut
602 2429 642 2466 in
664 2426 844 2466 omnibus
859 2422 1015 2475 judiciis
1033 2429 1252 2479 aequitatem
1270 2437 1309 2466 et
1326 2427 1630 2466 misericordiam

222 2504 241 2523 ι
262 2485 495 2541 praeeipiam,
520 2500 561 2529 ut
584 2491 679 2529 mihi
698 2499 736 2529 et
752 2489 865 2528 vobis
882 2489 1081 2541 indulgeat
1102 2503 1210 2528 suam
1229 2490 1530 2528 misericordiam
1551 2490 1632 2528 cle-

220 2549 241 2584 ἰ
262 2563 371 2590 mens
399 2561 437 2590 et
460 2553 675 2592 misericors
704 2556 823 2592 Deus.
859 2556 954 2591 Item
985 2552 1035 2591 de
1059 2553 1326 2602 jurisdictione
1355 2553 1449 2590 mihi
1478 2551 1631 2590 subdita

225 2630 242 2646 ιι
266 2613 464 2652 universos
482 2613 680 2654 haereticos
696 2615 745 2653 ab
760 2615 928 2653 Ecclesia
942 2614 1036 2652 mihi
1053 2614 1253 2653 denotatos
1273 2628 1344 2667 pro
1365 2613 1511 2651 viribus
1531 2613 1631 2652 bona

225 2693 242 2708 ι-
269 2673 344 2713 fide
373 2676 641 2715 exterminare
649 2676 810 2725 jubebo.
845 2679 937 2715 Haec
969 2676 1190 2728 supradicta
1215 2678 1324 2714 firmo
1351 2676 1586 2724 juramento.
1612 2694 1626 2708 ι

221 2735 377 2774 Recueil
398 2736 573 2787 legi-and
595 2741 699 2784 (mss,
720 2738 768 2775 de
786 2739 820 2776 la
849 2738 946 2776 Bibl.
968 2739 1079 2790 imp.)
1097 2767 1107 2781 ,
1130 2747 1157 2778 t.
1178 2741 1312 2776 XXIX
1334 2746 1371 2775 et
1389 2739 1517 2776 XXX.
