2060 3392
704 290 850 327 LIBER
888 289 1157 328 SECUNDUS.
1564 291 1639 328 367

214 377 375 443 risque
416 377 662 426 canonicis
702 378 911 442 antiquis
955 378 1212 444 privilegiis
1252 388 1300 427 et
1346 378 1643 428 libertatibus

214 454 512 504 earumdem.

282 532 412 590 Quin
452 533 597 581 etiam
639 531 1003 600 surripientibus
1045 533 1222 598 iniquis
1266 543 1315 582 et
1357 534 1643 600 importunis

214 607 486 674 quibusque
507 609 806 671 bominibus,
838 609 1077 674 quidquid
1099 609 1160 657 de
1189 610 1470 658 inferiorum
1497 610 1644 658 eccle·

213 687 515 736 siasticorum
545 689 794 737 titulorum
815 687 1135 748 ordinatione,
1160 688 1237 736 vel
1253 689 1442 753 justitiae
1471 688 1547 736 vel
1571 688 1644 735 in·

208 762 399 828 justitiae
421 763 716 814 exhibitione
737 763 950 825 mandet,
975 764 1133 829 pareri
1154 764 1243 812 sibi
1261 765 1380 828 vult,
1402 764 1537 812 nullo
1557 764 1641 812 de-

211 842 340 892 lectu
380 844 578 906 habito,
622 846 803 910 justum
850 853 993 908 atque
1037 860 1229 909 aequum
1267 845 1318 893 id
1363 845 1643 911 iniquumve

212 922 421 986 exsistat,
445 923 704 988 nullaque
691 941 743 971 111
771 922 1066 971 contrarium
1090 923 1393 971 excusatione
1415 921 1637 971 admissa.

212 999 396 1057 Quod·
382 1001 472 1067 ipsi
496 1017 636 1066 saepe,
663 1001 781 1049 dum
804 1000 911 1049 vel
899 1017 949 1046 111
973 1000 1169 1048 00010513
1198 1011 1362 1048 1105113
1383 999 1643 1048 residentes

212 1075 373 1125 adhuc
397 1094 624 1141 essemus,
654 1079 730 1126 vel
759 1078 877 1126 dum
906 1077 998 1125 sibi
1023 1078 1075 1124 in
1103 1078 1327 1126 exercitio
1351 1078 1642 1135 cancellariae

212 1152 263 1200 in
288 1155 537 1204 Catalonia
565 1152 867 1215 serviremus,
902 1171 1003 1202 non
1036 1155 1138 1202 sine
1165 1155 1328 1203 multis
1354 1155 1566 1221 suspiriis
1586 1171 1643 1204 ac

213 1233 482 1296 gemitibus,
507 1234 632 1300 proh
656 1232 821 1281 dolor!
844 1233 1024 1300 experti
1044 1250 1232 1294 sumus;
1257 1232 1343 1280 ubi
1358 1233 1491 1281 nulla
1506 1250 1642 1299 paene

211 1325 429 1374 unquam
452 1310 514 1360 ab
540 1328 599 1359 eo
621 1312 849 1360 mandata
869 1312 945 1358 vel
967 1311 1190 1377 epistolas
1215 1311 1525 1376 suscepimus,
1550 1312 1642 1359 nisi

212 1386 288 1436 vel
306 1405 396 1453 pro
411 1389 639 1454 injustitia
660 1390 800 1437 alicui
824 1389 1058 1447 facienda,
1082 1388 1160 1437 vel
1179 1405 1270 1454 pro
1289 1388 1641 1453 requirentibus

210 1473 355 1531 atque
382 1466 612 1515 instanter
639 1466 912 1533 petentibus
933 1467 1115 1531 justitia
1132 1465 1415 1531 deneganda
1439 1483 1524 1514 seu
1550 1467 1640 1514 dif-

211 1541 423 1591 ferenda.

277 1617 422 1676 Quod
439 1618 599 1684 igitur,
627 1618 912 1685 disponente
934 1619 1024 1666 Dei
1043 1619 1317 1680 clementia,
1338 1619 1422 1666 tali
1438 1618 1639 1667 domino

211 1693 480 1760 talibusque
511 1698 662 1745 anxiis
693 1707 741 1744 et
770 1696 1006 1762 perplexis
1032 1695 1336 1743 servitutibus
1359 1697 1566 1762 exempti
1593 1707 1640 1744 et

210 1769 349 1819 liberi
372 1789 553 1834 sumus,
582 1773 756 1836 gratias
778 1773 1097 1838 permaximas
1113 1788 1204 1819 nos
1222 1788 1314 1837 pro
1337 1781 1471 1820 tanto
1493 1773 1641 1820 bene-

211 1845 323 1895 ficio
355 1847 530 1896 debere
562 1850 630 1897 illi
662 1850 1020 1914 cognoscimus,
1052 1850 1138 1914 qui
1164 1866 1255 1896 nos
1275 1850 1448 1915 eripuit
1468 1851 1528 1899 de
1555 1868 1641 1917 po-

211 1931 376 1973 testate
403 1926 734 1989 tenebrarum,
766 1927 827 1974 de
853 1927 1048 1975 fornace
1071 1937 1214 1992 atque
1242 1927 1468 1975 incendio
1491 1927 1640 1992 Baby-

210 1998 353 2061 lonis,
378 2000 522 2065 atque
550 2002 803 2050 durissima
826 2002 931 2064 luti,
958 2001 1105 2067 paleae
1126 2011 1174 2049 et
1197 2002 1356 2049 lateris
1379 2002 1639 2051 Pharaonis

211 2077 449 2125 servitute.
485 2081 585 2127 Hac
619 2080 797 2145 quippe
828 2080 1035 2139 ratione,
1076 2078 1173 2126 hoc
1200 2079 1332 2126 velut
1359 2080 1637 2128 suavissimo

212 2164 458 2218 unguento
481 2173 678 2204 omnem
699 2157 799 2204 vim
821 2157 1010 2205 inflictae
1037 2157 1404 2223 persecutionis,
1441 2175 1637 2207 omnem

211 2233 485 2281 exsiliorum
510 2235 797 2297 molestiam,
832 2252 1028 2284 omnem
1054 2252 1215 2283 rerum
1239 2236 1503 2301 jacturam,
1535 2255 1637 2285 om·

212 2310 310 2372 1113,
330 2327 435 2375 quae
451 2313 549 2377 pati
569 2313 911 2376 existimamur,
931 2313 1241 2362 incommoda
1259 2313 1473 2362 solamur
1494 2325 1637 2381 atque

212 2389 316 2434 Deo
342 2387 558 2452 adjutore
579 2389 809 2437 levamus·
