<?xml version="1.0" encoding="UTF-8"?>
<!DOCTYPE html PUBLIC "-//W3C//DTD XHTML 1.0 Transitional//EN"
    "http://www.w3.org/TR/xhtml1/DTD/xhtml1-transitional.dtd">
<html xmlns="http://www.w3.org/1999/xhtml" xml:lang="en" lang="en">
 <head>
  <title>
</title>
<meta http-equiv="Content-Type" content="text/html;charset=utf-8" />
  <meta name='ocr-system' content='tesseract 3.04.00' />
  <meta name='ocr-capabilities' content='ocr_page ocr_carea ocr_par ocr_line ocrx_word'/>
</head>
<body>
  <div class='ocr_page' id='page_1' title='image "./histoiredesrgn03basiuoft_0435.png"; bbox 0 0 2060 3392; ppageno 0'>
   <div class='ocr_carea' id='block_1_1' title="bbox 546 259 1472 300">
    <p class='ocr_par' dir='ltr' id='par_1_1' title="bbox 546 259 1472 300">
     <span class='ocr_line' id='line_1_1' title="bbox 546 259 1472 300; baseline 0 -1"><span class='ocrx_word' id='word_1_1' title='bbox 546 262 688 299; x_wconf 82' lang='lat' dir='ltr'><strong>LIBER</strong></span> <span class='ocrx_word' id='word_1_2' title='bbox 716 259 984 299; x_wconf 82' lang='lat' dir='ltr'>SECUNDUS.</span> <span class='ocrx_word' id='word_1_3' title='bbox 1396 262 1472 300; x_wconf 76' lang='lat'>385</span> 
     </span>
    </p>
   </div>
   <div class='ocr_carea' id='block_1_2' title="bbox 60 346 1481 2425">
    <p class='ocr_par' dir='ltr' id='par_1_2' title="bbox 60 346 1481 1883">
     <span class='ocr_line' id='line_1_2' title="bbox 67 346 1478 437; baseline -0.002 -39"><span class='ocrx_word' id='word_1_4' title='bbox 67 348 319 437; x_wconf 76' lang='lat' dir='ltr'><strong>complecti</strong></span> <span class='ocrx_word' id='word_1_5' title='bbox 352 348 638 398; x_wconf 88' lang='lat' dir='ltr'>sufficienter</span> <span class='ocrx_word' id='word_1_6' title='bbox 674 363 811 414; x_wconf 91' lang='lat' dir='ltr'>posse</span> <span class='ocrx_word' id='word_1_7' title='bbox 841 347 1177 396; x_wconf 80' lang='lat' dir='ltr'>existimamus.</span> <span class='ocrx_word' id='word_1_8' title='bbox 1212 346 1284 395; x_wconf 85' lang='lat' dir='ltr'>Ad</span> <span class='ocrx_word' id='word_1_9' title='bbox 1309 364 1478 396; x_wconf 88' lang='lat' dir='ltr'>omnes</span> 
     </span>
     <span class='ocr_line' id='line_1_3' title="bbox 65 424 1479 486; baseline -0.003 -10"><span class='ocrx_word' id='word_1_10' title='bbox 65 426 195 475; x_wconf 83' lang='lat' dir='ltr'>enim</span> <span class='ocrx_word' id='word_1_11' title='bbox 238 427 363 476; x_wconf 81' lang='lat' dir='ltr'>rixas</span> <span class='ocrx_word' id='word_1_12' title='bbox 396 437 446 486; x_wconf 88' lang='lat' dir='ltr'>et</span> <span class='ocrx_word' id='word_1_13' title='bbox 471 426 535 475; x_wconf 91' lang='lat' dir='ltr'>ad</span> <span class='ocrx_word' id='word_1_14' title='bbox 560 442 728 475; x_wconf 91' lang='lat' dir='ltr'>omnes</span> <span class='ocrx_word' id='word_1_15' title='bbox 762 424 1047 486; x_wconf 86' lang='lat' dir='ltr'>cachinnos,</span> <span class='ocrx_word' id='word_1_16' title='bbox 1082 424 1145 472; x_wconf 90' lang='lat' dir='ltr'>ad</span> <span class='ocrx_word' id='word_1_17' title='bbox 1175 441 1343 474; x_wconf 85' lang='lat' dir='ltr'>omnes</span> <span class='ocrx_word' id='word_1_18' title='bbox 1364 441 1479 473; x_wconf 92' lang='lat' dir='ltr'>con-</span> 
     </span>
     <span class='ocr_line' id='line_1_4' title="bbox 65 501 1476 567; baseline -0.001 -15"><span class='ocrx_word' id='word_1_19' title='bbox 65 503 302 552; x_wconf 75' lang='lat' dir='ltr'>tentiones</span> <span class='ocrx_word' id='word_1_20' title='bbox 330 513 379 552; x_wconf 89' lang='lat' dir='ltr'>et</span> <span class='ocrx_word' id='word_1_21' title='bbox 414 503 772 564; x_wconf 80' lang='lat' dir='ltr'>altercationeS,</span> <span class='ocrx_word' id='word_1_22' title='bbox 811 501 873 549; x_wconf 88' lang='lat' dir='ltr'>ad</span> <span class='ocrx_word' id='word_1_23' title='bbox 907 518 1103 548; x_wconf 87' lang='lat' dir='ltr'>omnem</span> <span class='ocrx_word' id='word_1_24' title='bbox 1136 501 1198 549; x_wconf 89' lang='lat' dir='ltr'>de</span> <span class='ocrx_word' id='word_1_25' title='bbox 1220 503 1476 567; x_wconf 89' lang='lat' dir='ltr'>possessio-</span> 
     </span>
     <span class='ocr_line' id='line_1_5' title="bbox 61 577 1477 630; baseline 0.001 -2"><span class='ocrx_word' id='word_1_26' title='bbox 61 580 205 629; x_wconf 88' lang='lat' dir='ltr'>nibus</span> <span class='ocrx_word' id='word_1_27' title='bbox 222 581 312 630; x_wconf 84' lang='lat' dir='ltr'>.vel</span> <span class='ocrx_word' id='word_1_28' title='bbox 342 579 593 629; x_wconf 85' lang='lat' dir='ltr'>mobilium</span> <span class='ocrx_word' id='word_1_29' title='bbox 628 579 704 628; x_wconf 89' lang='lat' dir='ltr'>vel</span> <span class='ocrx_word' id='word_1_30' title='bbox 740 577 1061 627; x_wconf 90' lang='lat' dir='ltr'>immobilium</span> <span class='ocrx_word' id='word_1_31' title='bbox 1094 594 1255 626; x_wconf 90' lang='lat' dir='ltr'>rerum</span> <span class='ocrx_word' id='word_1_32' title='bbox 1285 589 1477 629; x_wconf 76' lang='lat' dir='ltr'>contro-</span> 
     </span>
     <span class='ocr_line' id='line_1_6' title="bbox 64 656 1479 723; baseline 0 -17"><span class='ocrx_word' id='word_1_33' title='bbox 64 657 292 720; x_wconf 74' lang='lat' dir='ltr'>versiam,</span> <span class='ocrx_word' id='word_1_34' title='bbox 343 658 472 706; x_wconf 86' lang='lat' dir='ltr'>velut</span> <span class='ocrx_word' id='word_1_35' title='bbox 514 656 956 723; x_wconf 85' lang='lat' dir='ltr'>promovendorum</span> <span class='ocrx_word' id='word_1_36' title='bbox 999 673 1056 704; x_wconf 91' lang='lat' dir='ltr'>ac</span> <span class='ocrx_word' id='word_1_37' title='bbox 1097 657 1479 706; x_wconf 84' lang='lat' dir='ltr'>suscitandorum</span> 
     </span>
     <span class='ocr_line' id='line_1_7' title="bbox 63 734 1481 802; baseline -0.001 -19"><span class='ocrx_word' id='word_1_38' title='bbox 63 734 324 800; x_wconf 84' lang='lat' dir='ltr'>litigiorum</span> <span class='ocrx_word' id='word_1_39' title='bbox 346 735 566 784; x_wconf 89' lang='lat' dir='ltr'>omnium</span> <span class='ocrx_word' id='word_1_40' title='bbox 594 735 810 783; x_wconf 88' lang='lat' dir='ltr'>stimulus</span> <span class='ocrx_word' id='word_1_41' title='bbox 841 735 1060 800; x_wconf 90' lang='lat' dir='ltr'>quidam,</span> <span class='ocrx_word' id='word_1_42' title='bbox 1098 744 1268 800; x_wconf 84' lang='lat' dir='ltr'>praesto</span> <span class='ocrx_word' id='word_1_43' title='bbox 1295 752 1481 802; x_wconf 86' lang='lat' dir='ltr'>semper</span> 
     </span>
     <span class='ocr_line' id='line_1_8' title="bbox 64 811 1480 878; baseline 0 -16"><span class='ocrx_word' id='word_1_44' title='bbox 64 812 199 862; x_wconf 84' lang='lat' dir='ltr'>adest</span> <span class='ocrx_word' id='word_1_45' title='bbox 214 822 266 862; x_wconf 86' lang='lat' dir='ltr'>et</span> <span class='ocrx_word' id='word_1_46' title='bbox 284 813 543 877; x_wconf 91' lang='lat' dir='ltr'>unicuique</span> <span class='ocrx_word' id='word_1_47' title='bbox 560 814 880 878; x_wconf 88' lang='lat' dir='ltr'>paratissimus</span> <span class='ocrx_word' id='word_1_48' title='bbox 901 811 1155 861; x_wconf 84' lang='lat' dir='ltr'>adhibetur</span> <span class='ocrx_word' id='word_1_49' title='bbox 1170 814 1205 872; x_wconf 82' lang='lat'>¹3</span> <span class='ocrx_word' id='word_1_50' title='bbox 1232 811 1480 878; x_wconf 90' lang='lat' dir='ltr'>firmatque</span> 
     </span>
     <span class='ocr_line' id='line_1_9' title="bbox 61 890 1478 954; baseline 0 -15"><span class='ocrx_word' id='word_1_51' title='bbox 61 905 123 950; x_wconf 82' lang='lat' dir='ltr'>ac</span> <span class='ocrx_word' id='word_1_52' title='bbox 152 899 261 938; x_wconf 20' lang='lat' dir='ltr'>tam*</span> <span class='ocrx_word' id='word_1_53' title='bbox 280 891 508 939; x_wconf 88' lang='lat' dir='ltr'>tenaciter</span> <span class='ocrx_word' id='word_1_54' title='bbox 537 890 744 939; x_wconf 90' lang='lat' dir='ltr'>aduncat</span> <span class='ocrx_word' id='word_1_55' title='bbox 772 899 819 937; x_wconf 91' lang='lat' dir='ltr'>et</span> <span class='ocrx_word' id='word_1_56' title='bbox 854 907 966 938; x_wconf 90' lang='lat' dir='ltr'>eum</span> <span class='ocrx_word' id='word_1_57' title='bbox 987 891 1122 954; x_wconf 91' lang='lat' dir='ltr'>cujus</span> <span class='ocrx_word' id='word_1_58' title='bbox 1153 906 1208 937; x_wconf 84' lang='lat' dir='ltr'>ex</span> <span class='ocrx_word' id='word_1_59' title='bbox 1238 906 1322 938; x_wconf 90' lang='lat' dir='ltr'>ore</span> <span class='ocrx_word' id='word_1_60' title='bbox 1348 891 1478 939; x_wconf 90' lang='lat' dir='ltr'>vola·</span> 
     </span>
     <span class='ocr_line' id='line_1_10' title="bbox 62 967 1478 1032; baseline -0.001 -16"><span class='ocrx_word' id='word_1_61' title='bbox 62 968 209 1028; x_wconf 89' lang='lat' dir='ltr'>verit,</span> <span class='ocrx_word' id='word_1_62' title='bbox 252 977 314 1032; x_wconf 22' lang='lat' dir='ltr'>et,</span> <span class='ocrx_word' id='word_1_63' title='bbox 333 985 444 1017; x_wconf 91' lang='lat' dir='ltr'>eum</span> <span class='ocrx_word' id='word_1_64' title='bbox 480 978 649 1017; x_wconf 90' lang='lat' dir='ltr'>contra</span> <span class='ocrx_word' id='word_1_65' title='bbox 683 984 826 1032; x_wconf 92' lang='lat' dir='ltr'>quem</span> <span class='ocrx_word' id='word_1_66' title='bbox 853 968 1049 1015; x_wconf 90' lang='lat' dir='ltr'>emissus</span> <span class='ocrx_word' id='word_1_67' title='bbox 1081 968 1162 1028; x_wconf 87' lang='lat' dir='ltr'>sit,</span> <span class='ocrx_word' id='word_1_68' title='bbox 1198 977 1253 1016; x_wconf 88' lang='lat' dir='ltr'>ut</span> <span class='ocrx_word' id='word_1_69' title='bbox 1282 968 1360 1014; x_wconf 83' lang='lat' dir='ltr'>vix</span> <span class='ocrx_word' id='word_1_70' title='bbox 1392 967 1478 1025; x_wconf 50' lang='lat' dir='ltr'>alie</span> 
     </span>
     <span class='ocr_line' id='line_1_11' title="bbox 63 1042 1474 1111; baseline -0.001 -17"><span class='ocrx_word' id='word_1_71' title='bbox 63 1044 260 1109; x_wconf 77' lang='lat' dir='ltr'>quando</span> <span class='ocrx_word' id='word_1_72' title='bbox 281 1055 463 1111; x_wconf 88' lang='lat' dir='ltr'>postea,</span> <span class='ocrx_word' id='word_1_73' title='bbox 484 1046 574 1093; x_wconf 90' lang='lat' dir='ltr'>nisi</span> <span class='ocrx_word' id='word_1_74' title='bbox 601 1054 711 1110; x_wconf 90' lang='lat' dir='ltr'>post</span> <span class='ocrx_word' id='word_1_75' title='bbox 732 1061 933 1108; x_wconf 90' lang='lat' dir='ltr'>magnos</span> <span class='ocrx_word' id='word_1_76' title='bbox 952 1053 1167 1108; x_wconf 91' lang='lat' dir='ltr'>sumptus</span> <span class='ocrx_word' id='word_1_77' title='bbox 1186 1053 1233 1091; x_wconf 90' lang='lat' dir='ltr'>et</span> <span class='ocrx_word' id='word_1_78' title='bbox 1262 1042 1474 1105; x_wconf 88' lang='lat' dir='ltr'>labores,</span> 
     </span>
     <span class='ocr_line' id='line_1_12' title="bbox 60 1120 1479 1187; baseline 0.001 -19"><span class='ocrx_word' id='word_1_79' title='bbox 60 1121 205 1170; x_wconf 76' lang='lat' dir='ltr'>etiam</span> <span class='ocrx_word' id='word_1_80' title='bbox 239 1122 559 1187; x_wconf 84' lang='lat' dir='ltr'>quamtumvis</span> <span class='ocrx_word' id='word_1_81' title='bbox 588 1122 711 1169; x_wconf 90' lang='lat' dir='ltr'>inter</span> <span class='ocrx_word' id='word_1_82' title='bbox 734 1138 833 1169; x_wconf 89' lang='lat' dir='ltr'>sese</span> <span class='ocrx_word' id='word_1_83' title='bbox 860 1121 1173 1168; x_wconf 87' lang='lat' dir='ltr'>reconciliatae</span> <span class='ocrx_word' id='word_1_84' title='bbox 1206 1120 1299 1167; x_wconf 88' lang='lat' dir='ltr'>sint</span> <span class='ocrx_word' id='word_1_85' title='bbox 1322 1130 1479 1185; x_wconf 85' lang='lat' dir='ltr'>partes</span> 
     </span>
     <span class='ocr_line' id='line_1_13' title="bbox 61 1197 1476 1263; baseline -0.001 -17"><span class='ocrx_word' id='word_1_86' title='bbox 61 1207 110 1258; x_wconf 85' lang='lat' dir='ltr'>et</span> <span class='ocrx_word' id='word_1_87' title='bbox 149 1197 484 1255; x_wconf 81' lang='lat' dir='ltr'>benevolentia</span> <span class='ocrx_word' id='word_1_88' title='bbox 524 1209 665 1263; x_wconf 89' lang='lat' dir='ltr'>atque</span> <span class='ocrx_word' id='word_1_89' title='bbox 696 1198 902 1247; x_wconf 90' lang='lat' dir='ltr'>amicitia</span> <span class='ocrx_word' id='word_1_90' title='bbox 941 1198 1153 1258; x_wconf 83' lang='lat' dir='ltr'>reunitae,</span> <span class='ocrx_word' id='word_1_91' title='bbox 1196 1213 1246 1244; x_wconf 93' lang='lat' dir='ltr'>se</span> <span class='ocrx_word' id='word_1_92' title='bbox 1290 1198 1476 1245; x_wconf 91' lang='lat' dir='ltr'>uncinis</span> 
     </span>
     <span class='ocr_line' id='line_1_14' title="bbox 61 1275 1475 1341; baseline -0.001 -17"><span class='ocrx_word' id='word_1_93' title='bbox 61 1275 187 1324; x_wconf 86' lang='lat' dir='ltr'>illius</span> <span class='ocrx_word' id='word_1_94' title='bbox 223 1285 272 1324; x_wconf 90' lang='lat' dir='ltr'>et</span> <span class='ocrx_word' id='word_1_95' title='bbox 303 1275 485 1341; x_wconf 89' lang='lat' dir='ltr'>laqueis</span> <span class='ocrx_word' id='word_1_96' title='bbox 516 1277 699 1341; x_wconf 87' lang='lat' dir='ltr'>possint</span> <span class='ocrx_word' id='word_1_97' title='bbox 734 1277 968 1324; x_wconf 89' lang='lat' dir='ltr'>evolvere.</span> <span class='ocrx_word' id='word_1_98' title='bbox 1020 1277 1219 1322; x_wconf 86' lang='lat' dir='ltr'>Gratum</span> <span class='ocrx_word' id='word_1_99' title='bbox 1260 1275 1475 1340; x_wconf 83' lang='lat' dir='ltr'>profecto</span> 
     </span>
     <span class='ocr_line' id='line_1_15' title="bbox 60 1351 1476 1419; baseline -0.001 -19"><span class='ocrx_word' id='word_1_100' title='bbox 60 1362 110 1400; x_wconf 90' lang='lat' dir='ltr'>et</span> <span class='ocrx_word' id='word_1_101' title='bbox 131 1353 373 1401; x_wconf 85' lang='lat' dir='ltr'>lucrosum</span> <span class='ocrx_word' id='word_1_102' title='bbox 404 1354 549 1400; x_wconf 92' lang='lat' dir='ltr'>totius</span> <span class='ocrx_word' id='word_1_103' title='bbox 581 1354 741 1419; x_wconf 87' lang='lat' dir='ltr'>patriae</span> <span class='ocrx_word' id='word_1_104' title='bbox 777 1352 1080 1401; x_wconf 87' lang='lat' dir='ltr'>advocationi</span> <span class='ocrx_word' id='word_1_105' title='bbox 1099 1362 1146 1399; x_wconf 87' lang='lat' dir='ltr'>et</span> <span class='ocrx_word' id='word_1_106' title='bbox 1165 1351 1476 1400; x_wconf 85' lang='lat' dir='ltr'>tribunalium</span> 
     </span>
     <span class='ocr_line' id='line_1_16' title="bbox 64 1428 1475 1494; baseline -0.001 -16"><span class='ocrx_word' id='word_1_107' title='bbox 64 1428 234 1478; x_wconf 87' lang='lat' dir='ltr'>officiis</span> <span class='ocrx_word' id='word_1_108' title='bbox 260 1429 592 1491; x_wconf 90' lang='lat' dir='ltr'>adinventum,</span> <span class='ocrx_word' id='word_1_109' title='bbox 617 1429 748 1494; x_wconf 90' lang='lat' dir='ltr'>quod</span> <span class='ocrx_word' id='word_1_110' title='bbox 771 1429 966 1493; x_wconf 86' lang='lat' dir='ltr'>singulis</span> <span class='ocrx_word' id='word_1_111' title='bbox 993 1444 1127 1493; x_wconf 87' lang='lat' dir='ltr'>paene</span> <span class='ocrx_word' id='word_1_112' title='bbox 1146 1428 1279 1476; x_wconf 89' lang='lat' dir='ltr'>horis</span> <span class='ocrx_word' id='word_1_113' title='bbox 1302 1438 1350 1476; x_wconf 91' lang='lat' dir='ltr'>et</span> <span class='ocrx_word' id='word_1_114' title='bbox 1370 1446 1475 1478; x_wconf 91' lang='lat' dir='ltr'>mo-</span> 
     </span>
     <span class='ocr_line' id='line_1_17' title="bbox 62 1507 1473 1573; baseline 0 -17"><span class='ocrx_word' id='word_1_115' title='bbox 62 1507 236 1556; x_wconf 88' lang='lat' dir='ltr'>mentis</span> <span class='ocrx_word' id='word_1_116' title='bbox 275 1507 380 1556; x_wconf 80' lang='lat' dir='ltr'>lites</span> <span class='ocrx_word' id='word_1_117' title='bbox 414 1508 537 1555; x_wconf 91' lang='lat' dir='ltr'>inter</span> <span class='ocrx_word' id='word_1_118' title='bbox 574 1508 888 1573; x_wconf 87' lang='lat' dir='ltr'>provinciales</span> <span class='ocrx_word' id='word_1_119' title='bbox 929 1507 980 1553; x_wconf 93' lang='lat' dir='ltr'>in</span> <span class='ocrx_word' id='word_1_120' title='bbox 1024 1507 1157 1554; x_wconf 88' lang='lat' dir='ltr'>omni</span> <span class='ocrx_word' id='word_1_121' title='bbox 1194 1523 1329 1572; x_wconf 86' lang='lat' dir='ltr'>paene</span> <span class='ocrx_word' id='word_1_122' title='bbox 1364 1508 1473 1556; x_wconf 90' lang='lat' dir='ltr'>loco</span> 
     </span>
     <span class='ocr_line' id='line_1_18' title="bbox 61 1583 1472 1655; baseline -0.001 -20"><span class='ocrx_word' id='word_1_123' title='bbox 61 1586 201 1642; x_wconf 69' lang='lat' dir='ltr'>iaciat</span> <span class='ocrx_word' id='word_1_124' title='bbox 229 1586 404 1655; x_wconf 79' lang='lat' dir='ltr'>exoriri</span> <span class='ocrx_word' id='word_1_125' title='bbox 433 1603 444 1632; x_wconf 92' lang='lat'><strong>:</strong></span> <span class='ocrx_word' id='word_1_126' title='bbox 481 1602 610 1650; x_wconf 86' lang='lat' dir='ltr'>quae,</span> <span class='ocrx_word' id='word_1_127' title='bbox 642 1585 726 1633; x_wconf 92' lang='lat' dir='ltr'>ubi</span> <span class='ocrx_word' id='word_1_128' title='bbox 758 1602 818 1633; x_wconf 92' lang='lat' dir='ltr'>eo</span> <span class='ocrx_word' id='word_1_129' title='bbox 852 1585 955 1633; x_wconf 92' lang='lat' dir='ltr'>solo</span> <span class='ocrx_word' id='word_1_130' title='bbox 974 1583 1124 1632; x_wconf 88' lang='lat' dir='ltr'>verbo</span> <span class='ocrx_word' id='word_1_131' title='bbox 1150 1584 1284 1650; x_wconf 91' lang='lat' dir='ltr'>lapso</span> <span class='ocrx_word' id='word_1_132' title='bbox 1305 1601 1363 1632; x_wconf 84' lang='lat' dir='ltr'>ex</span> <span class='ocrx_word' id='word_1_133' title='bbox 1389 1602 1472 1633; x_wconf 90' lang='lat' dir='ltr'>ore</span> 
     </span>
     <span class='ocr_line' id='line_1_19' title="bbox 61 1662 1475 1727; baseline -0.001 -15"><span class='ocrx_word' id='word_1_134' title='bbox 61 1664 206 1712; x_wconf 88' lang='lat' dir='ltr'>semel</span> <span class='ocrx_word' id='word_1_135' title='bbox 226 1663 407 1712; x_wconf 87' lang='lat' dir='ltr'>obortae</span> <span class='ocrx_word' id='word_1_136' title='bbox 427 1664 686 1712; x_wconf 81' lang='lat' dir='ltr'>etinitiatae</span> <span class='ocrx_word' id='word_1_137' title='bbox 705 1673 832 1722; x_wconf 89' lang='lat' dir='ltr'>sunt,</span> <span class='ocrx_word' id='word_1_138' title='bbox 864 1662 1048 1711; x_wconf 88' lang='lat' dir='ltr'>tamdiu</span> <span class='ocrx_word' id='word_1_139' title='bbox 1076 1662 1332 1724; x_wconf 87' lang='lat' dir='ltr'>litigatores</span> <span class='ocrx_word' id='word_1_140' title='bbox 1367 1679 1475 1727; x_wconf 89' lang='lat' dir='ltr'>per-</span> 
     </span>
     <span class='ocr_line' id='line_1_20' title="bbox 60 1738 1468 1806; baseline 0 -18"><span class='ocrx_word' id='word_1_141' title='bbox 60 1741 227 1806; x_wconf 83' lang='lat' dir='ltr'>plexos</span> <span class='ocrx_word' id='word_1_142' title='bbox 242 1741 460 1789; x_wconf 86' lang='lat' dir='ltr'>irretiunt</span> <span class='ocrx_word' id='word_1_143' title='bbox 476 1750 530 1787; x_wconf 90' lang='lat' dir='ltr'>ut</span> <span class='ocrx_word' id='word_1_144' title='bbox 550 1741 681 1788; x_wconf 92' lang='lat' dir='ltr'>nulla</span> <span class='ocrx_word' id='word_1_145' title='bbox 692 1740 1027 1799; x_wconf 84' lang='lat' dir='ltr'>transactione,</span> <span class='ocrx_word' id='word_1_146' title='bbox 1043 1738 1174 1786; x_wconf 90' lang='lat' dir='ltr'>nulla</span> <span class='ocrx_word' id='word_1_147' title='bbox 1192 1739 1468 1801; x_wconf 90' lang='lat' dir='ltr'>concordia,</span> 
     </span>
     <span class='ocr_line' id='line_1_21' title="bbox 61 1814 1466 1883; baseline -0.001 -16"><span class='ocrx_word' id='word_1_148' title='bbox 61 1817 241 1883; x_wconf 79' lang='lat' dir='ltr'>absque</span> <span class='ocrx_word' id='word_1_149' title='bbox 259 1818 436 1865; x_wconf 84' lang='lat' dir='ltr'>mulcta</span> <span class='ocrx_word' id='word_1_150' title='bbox 455 1833 538 1865; x_wconf 92' lang='lat' dir='ltr'>seu</span> <span class='ocrx_word' id='word_1_151' title='bbox 555 1816 774 1874; x_wconf 89' lang='lat' dir='ltr'>emenda,</span> <span class='ocrx_word' id='word_1_152' title='bbox 800 1833 849 1864; x_wconf 88' lang='lat' dir='ltr'>se</span> <span class='ocrx_word' id='word_1_153' title='bbox 861 1816 1044 1881; x_wconf 90' lang='lat' dir='ltr'>possint</span> <span class='ocrx_word' id='word_1_154' title='bbox 1058 1814 1121 1863; x_wconf 94' lang='lat' dir='ltr'>ab</span> <span class='ocrx_word' id='word_1_155' title='bbox 1142 1816 1209 1863; x_wconf 87' lang='lat' dir='ltr'>eis</span> <span class='ocrx_word' id='word_1_156' title='bbox 1230 1816 1466 1881; x_wconf 86' lang='lat' dir='ltr'>expedire.</span> 
     </span>
    </p>

    <p class='ocr_par' dir='ltr' id='par_1_3' title="bbox 61 1893 1471 2425">
     <span class='ocr_line' id='line_1_22' title="bbox 125 1893 1471 1959; baseline -0.001 -16"><span class='ocrx_word' id='word_1_157' title='bbox 125 1895 314 1943; x_wconf 86' lang='lat' dir='ltr'>Diutius</span> <span class='ocrx_word' id='word_1_158' title='bbox 346 1894 509 1942; x_wconf 85' lang='lat' dir='ltr'>forsan</span> <span class='ocrx_word' id='word_1_159' title='bbox 542 1894 592 1940; x_wconf 90' lang='lat' dir='ltr'>in</span> <span class='ocrx_word' id='word_1_160' title='bbox 631 1894 857 1959; x_wconf 83' lang='lat' dir='ltr'>exemplis</span> <span class='ocrx_word' id='word_1_161' title='bbox 893 1893 1169 1957; x_wconf 89' lang='lat' dir='ltr'>adjiciendis</span> <span class='ocrx_word' id='word_1_162' title='bbox 1204 1893 1265 1940; x_wconf 90' lang='lat' dir='ltr'>de</span> <span class='ocrx_word' id='word_1_163' title='bbox 1297 1894 1471 1958; x_wconf 87' lang='lat' dir='ltr'>iniquis</span> 
     </span>
     <span class='ocr_line' id='line_1_23' title="bbox 63 1970 1470 2038; baseline -0.001 -17"><span class='ocrx_word' id='word_1_164' title='bbox 63 1972 227 2038; x_wconf 87' lang='lat' dir='ltr'>patriis</span> <span class='ocrx_word' id='word_1_165' title='bbox 266 1981 436 2020; x_wconf 87' lang='lat' dir='ltr'>nostrae</span> <span class='ocrx_word' id='word_1_166' title='bbox 457 1972 760 2019; x_wconf 86' lang='lat' dir='ltr'>Normanniae</span> <span class='ocrx_word' id='word_1_167' title='bbox 783 1970 1208 2018; x_wconf 89' lang='lat' dir='ltr'>consuetudinibus</span> <span class='ocrx_word' id='word_1_168' title='bbox 1233 1971 1470 2020; x_wconf 90' lang='lat' dir='ltr'>immorati</span> 
     </span>
     <span class='ocr_line' id='line_1_24' title="bbox 62 2047 1468 2114; baseline -0.002 -16"><span class='ocrx_word' id='word_1_169' title='bbox 62 2065 249 2111; x_wconf 86' lang='lat' dir='ltr'>sumus,</span> <span class='ocrx_word' id='word_1_170' title='bbox 274 2065 420 2114; x_wconf 88' lang='lat' dir='ltr'>quam</span> <span class='ocrx_word' id='word_1_171' title='bbox 441 2049 577 2096; x_wconf 88' lang='lat' dir='ltr'>initio</span> <span class='ocrx_word' id='word_1_172' title='bbox 605 2047 757 2096; x_wconf 85' lang='lat' dir='ltr'>facere</span> <span class='ocrx_word' id='word_1_173' title='bbox 782 2048 1156 2095; x_wconf 88' lang='lat' dir='ltr'>instituissemus.</span> <span class='ocrx_word' id='word_1_174' title='bbox 1192 2050 1287 2096; x_wconf 90' lang='lat' dir='ltr'>Nec</span> <span class='ocrx_word' id='word_1_175' title='bbox 1309 2058 1468 2096; x_wconf 90' lang='lat' dir='ltr'>tamen</span> 
     </span>
     <span class='ocr_line' id='line_1_25' title="bbox 62 2125 1470 2192; baseline -0.001 -17"><span class='ocrx_word' id='word_1_176' title='bbox 62 2126 127 2175; x_wconf 89' lang='lat' dir='ltr'>ad</span> <span class='ocrx_word' id='word_1_177' title='bbox 149 2142 229 2175; x_wconf 86' lang='lat' dir='ltr'>eas</span> <span class='ocrx_word' id='word_1_178' title='bbox 263 2125 604 2192; x_wconf 89' lang='lat' dir='ltr'>improbandas</span> <span class='ocrx_word' id='word_1_179' title='bbox 635 2125 742 2189; x_wconf 88' lang='lat' dir='ltr'>jura</span> <span class='ocrx_word' id='word_1_180' title='bbox 776 2125 976 2188; x_wconf 88' lang='lat' dir='ltr'>allegare</span> <span class='ocrx_word' id='word_1_181' title='bbox 1009 2134 1056 2172; x_wconf 90' lang='lat' dir='ltr'>et</span> <span class='ocrx_word' id='word_1_182' title='bbox 1093 2125 1324 2186; x_wconf 89' lang='lat' dir='ltr'>rationes,</span> <span class='ocrx_word' id='word_1_183' title='bbox 1365 2143 1470 2191; x_wconf 89' lang='lat' dir='ltr'>quae</span> 
     </span>
     <span class='ocr_line' id='line_1_26' title="bbox 61 2196 1466 2269; baseline -0.001 -17"><span class='ocrx_word' id='word_1_184' title='bbox 61 2196 254 2269; x_wconf 82' lang='lat' dir='ltr'>copiose</span> <span class='ocrx_word' id='word_1_185' title='bbox 270 2213 319 2252; x_wconf 90' lang='lat' dir='ltr'>et</span> <span class='ocrx_word' id='word_1_186' title='bbox 338 2203 473 2252; x_wconf 84' lang='lat' dir='ltr'>facile</span> <span class='ocrx_word' id='word_1_187' title='bbox 494 2202 556 2251; x_wconf 91' lang='lat' dir='ltr'>ad</span> <span class='ocrx_word' id='word_1_188' title='bbox 587 2202 682 2250; x_wconf 93' lang='lat' dir='ltr'>hoc</span> <span class='ocrx_word' id='word_1_189' title='bbox 707 2201 870 2249; x_wconf 92' lang='lat' dir='ltr'>induci</span> <span class='ocrx_word' id='word_1_190' title='bbox 891 2211 1101 2267; x_wconf 90' lang='lat' dir='ltr'>possent,</span> <span class='ocrx_word' id='word_1_191' title='bbox 1121 2202 1466 2264; x_wconf 76' lang='lat' dir='ltr'>laboravimus3</span> 
     </span>
     <span class='ocr_line' id='line_1_27' title="bbox 62 2277 1469 2345; baseline -0.001 -17"><span class='ocrx_word' id='word_1_192' title='bbox 62 2279 147 2327; x_wconf 87' lang='lat' dir='ltr'>sed</span> <span class='ocrx_word' id='word_1_193' title='bbox 177 2278 511 2328; x_wconf 87' lang='lat' dir='ltr'>tantummodo</span> <span class='ocrx_word' id='word_1_194' title='bbox 529 2315 542 2339; x_wconf 96' lang='lat'>,</span> <span class='ocrx_word' id='word_1_195' title='bbox 577 2277 954 2343; x_wconf 84' lang='lat' dir='ltr'>exemplificandi</span> <span class='ocrx_word' id='word_1_196' title='bbox 986 2279 1133 2342; x_wconf 89' lang='lat' dir='ltr'>gratia</span> <span class='ocrx_word' id='word_1_197' title='bbox 1150 2316 1162 2338; x_wconf 92' lang='lat'>,</span> <span class='ocrx_word' id='word_1_198' title='bbox 1186 2295 1321 2327; x_wconf 90' lang='lat' dir='ltr'>casus</span> <span class='ocrx_word' id='word_1_199' title='bbox 1350 2296 1469 2345; x_wconf 86' lang='lat' dir='ltr'>prae-</span> 
     </span>
     <span class='ocr_line' id='line_1_28' title="bbox 62 2358 1468 2425; baseline 0 -17"><span class='ocrx_word' id='word_1_200' title='bbox 62 2359 216 2408; x_wconf 81' lang='lat' dir='ltr'>dictos</span> <span class='ocrx_word' id='word_1_201' title='bbox 234 2375 412 2425; x_wconf 90' lang='lat' dir='ltr'>paucos</span> <span class='ocrx_word' id='word_1_202' title='bbox 431 2375 489 2406; x_wconf 81' lang='lat' dir='ltr'>ex</span> <span class='ocrx_word' id='word_1_203' title='bbox 514 2358 674 2406; x_wconf 90' lang='lat' dir='ltr'>multis</span> <span class='ocrx_word' id='word_1_204' title='bbox 690 2367 738 2406; x_wconf 87' lang='lat' dir='ltr'>et</span> <span class='ocrx_word' id='word_1_205' title='bbox 756 2374 889 2423; x_wconf 85' lang='lat' dir='ltr'>paene</span> <span class='ocrx_word' id='word_1_206' title='bbox 916 2359 1177 2406; x_wconf 88' lang='lat' dir='ltr'>innumeris</span> <span class='ocrx_word' id='word_1_207' title='bbox 1202 2360 1468 2419; x_wconf 89' lang='lat' dir='ltr'>retulimus,</span> 
     </span>
    </p>
   </div>
   <div class='ocr_carea' id='block_1_3' title="bbox 60 2507 1474 2748">
    <p class='ocr_par' dir='ltr' id='par_1_4' title="bbox 60 2507 1474 2748">
     <span class='ocr_line' id='line_1_29' title="bbox 117 2507 1473 2561; baseline 0 -13"><span class='ocrx_word' id='word_1_208' title='bbox 117 2511 135 2548; x_wconf 80' lang='lat'><strong>1</strong></span> <span class='ocrx_word' id='word_1_209' title='bbox 147 2539 156 2549; x_wconf 93' lang='lat'><em>.</em></span> <span class='ocrx_word' id='word_1_210' title='bbox 176 2508 311 2549; x_wconf 76' lang='lat' dir='ltr'>C&#39;etait</span> <span class='ocrx_word' id='word_1_211' title='bbox 329 2508 366 2547; x_wconf 64' lang='lat' dir='ltr'>la</span> <span class='ocrx_word' id='word_1_212' title='bbox 379 2521 433 2547; x_wconf 90' lang='lat' dir='ltr'>un</span> <span class='ocrx_word' id='word_1_213' title='bbox 450 2507 546 2548; x_wconf 89' lang='lat' dir='ltr'>abus</span> <span class='ocrx_word' id='word_1_214' title='bbox 566 2508 615 2547; x_wconf 87' lang='lat' dir='ltr'>de</span> <span class='ocrx_word' id='word_1_215' title='bbox 633 2507 720 2547; x_wconf 86' lang='lat' dir='ltr'>date</span> <span class='ocrx_word' id='word_1_216' title='bbox 738 2508 912 2556; x_wconf 74' lang='lat' dir='ltr'>recente,</span> <span class='ocrx_word' id='word_1_217' title='bbox 932 2520 999 2547; x_wconf 84' lang='lat' dir='ltr'>car</span> <span class='ocrx_word' id='word_1_218' title='bbox 1017 2507 1169 2561; x_wconf 70' lang='lat' dir='ltr'>d’apres</span> <span class='ocrx_word' id='word_1_219' title='bbox 1181 2507 1219 2547; x_wconf 87' lang='lat' dir='ltr'>la</span> <span class='ocrx_word' id='word_1_220' title='bbox 1237 2508 1367 2548; x_wconf 82' lang='lat' dir='ltr'>vieille</span> <span class='ocrx_word' id='word_1_221' title='bbox 1382 2522 1473 2548; x_wconf 85' lang='lat' dir='ltr'>eou-</span> 
     </span>
     <span class='ocr_line' id='line_1_30' title="bbox 62 2570 1473 2623; baseline -0.002 -11"><span class='ocrx_word' id='word_1_222' title='bbox 62 2579 167 2612; x_wconf 84' lang='lat' dir='ltr'>tume</span> <span class='ocrx_word' id='word_1_223' title='bbox 185 2571 235 2611; x_wconf 87' lang='lat' dir='ltr'>de</span> <span class='ocrx_word' id='word_1_224' title='bbox 250 2570 484 2610; x_wconf 78' lang='lat' dir='ltr'>Normandie</span> <span class='ocrx_word' id='word_1_225' title='bbox 505 2585 513 2607; x_wconf 92' lang='lat'>:</span> <span class='ocrx_word' id='word_1_226' title='bbox 537 2587 553 2607; x_wconf 75' lang='grc' dir='ltr'><strong>ι</strong></span> <span class='ocrx_word' id='word_1_227' title='bbox 574 2574 655 2610; x_wconf 82' lang='lat' dir='ltr'>Nus</span> <span class='ocrx_word' id='word_1_228' title='bbox 672 2585 723 2610; x_wconf 88' lang='lat' dir='ltr'>ne</span> <span class='ocrx_word' id='word_1_229' title='bbox 739 2571 822 2610; x_wconf 86' lang='lat' dir='ltr'>doit</span> <span class='ocrx_word' id='word_1_230' title='bbox 832 2570 932 2611; x_wconf 83' lang='lat' dir='ltr'>crier</span> <span class='ocrx_word' id='word_1_231' title='bbox 949 2571 1067 2609; x_wconf 73' lang='lat' dir='ltr'>hama</span> <span class='ocrx_word' id='word_1_232' title='bbox 1081 2571 1159 2609; x_wconf 82' lang='lat' dir='ltr'>sors</span> <span class='ocrx_word' id='word_1_233' title='bbox 1175 2583 1245 2622; x_wconf 86' lang='lat' dir='ltr'>par</span> <span class='ocrx_word' id='word_1_234' title='bbox 1262 2579 1350 2622; x_wconf 87' lang='lat' dir='ltr'>trop</span> <span class='ocrx_word' id='word_1_235' title='bbox 1362 2579 1473 2623; x_wconf 88' lang='lat' dir='ltr'>grant</span> 
     </span>
     <span class='ocr_line' id='line_1_31' title="bbox 60 2633 1474 2688; baseline -0.003 -14"><span class='ocrx_word' id='word_1_236' title='bbox 60 2633 246 2688; x_wconf 70' lang='lat' dir='ltr'>boeoing‚</span> <span class='ocrx_word' id='word_1_237' title='bbox 266 2634 297 2678; x_wconf 64' lang='lat' dir='ltr'>,si</span> <span class='ocrx_word' id='word_1_238' title='bbox 315 2646 464 2673; x_wconf 89' lang='lat' dir='ltr'>comme</span> <span class='ocrx_word' id='word_1_239' title='bbox 486 2647 556 2687; x_wconf 82' lang='lat' dir='ltr'>par</span> <span class='ocrx_word' id='word_1_240' title='bbox 575 2634 660 2682; x_wconf 83' lang='lat' dir='ltr'>feu,</span> <span class='ocrx_word' id='word_1_241' title='bbox 690 2647 761 2687; x_wconf 87' lang='lat' dir='ltr'>par</span> <span class='ocrx_word' id='word_1_242' title='bbox 785 2634 935 2674; x_wconf 74' lang='lat' dir='ltr'>lan-ons</span> <span class='ocrx_word' id='word_1_243' title='bbox 956 2641 995 2672; x_wconf 90' lang='lat' dir='ltr'>et</span> <span class='ocrx_word' id='word_1_244' title='bbox 1021 2646 1093 2686; x_wconf 88' lang='lat' dir='ltr'>par</span> <span class='ocrx_word' id='word_1_245' title='bbox 1116 2633 1346 2680; x_wconf 87' lang='lat' dir='ltr'>homicides,</span> <span class='ocrx_word' id='word_1_246' title='bbox 1374 2646 1474 2686; x_wconf 84' lang='lat' dir='ltr'>pour</span> 
     </span>
     <span class='ocr_line' id='line_1_32' title="bbox 63 2694 1474 2748; baseline -0.004 -12"><span class='ocrx_word' id='word_1_247' title='bbox 63 2695 259 2746; x_wconf 74' lang='lat' dir='ltr'>tobei-ies,</span> <span class='ocrx_word' id='word_1_248' title='bbox 281 2704 355 2735; x_wconf 75' lang='lat' dir='ltr'>etc.</span> <span class='ocrx_word' id='word_1_249' title='bbox 381 2698 460 2735; x_wconf 65' lang='lat' dir='ltr'>Mes</span> <span class='ocrx_word' id='word_1_250' title='bbox 482 2697 700 2748; x_wconf 87' lang='lat' dir='ltr'>quiconque</span> <span class='ocrx_word' id='word_1_251' title='bbox 722 2696 802 2736; x_wconf 85' lang='lat' dir='ltr'>crie</span> <span class='ocrx_word' id='word_1_252' title='bbox 821 2697 940 2734; x_wconf 70' lang='lat' dir='ltr'>haren</span> <span class='ocrx_word' id='word_1_253' title='bbox 962 2708 1050 2734; x_wconf 82' lang='lat' dir='ltr'>sans</span> <span class='ocrx_word' id='word_1_254' title='bbox 1074 2694 1170 2747; x_wconf 76' lang='lat' dir='ltr'>peril</span> <span class='ocrx_word' id='word_1_255' title='bbox 1193 2703 1300 2746; x_wconf 82' lang='lat' dir='ltr'>apert</span> <span class='ocrx_word' id='word_1_256' title='bbox 1328 2703 1364 2732; x_wconf 85' lang='lat' dir='ltr'>et</span> <span class='ocrx_word' id='word_1_257' title='bbox 1396 2706 1474 2731; x_wconf 88' lang='lat' dir='ltr'>ma-</span> 
     </span>
    </p>
   </div>
   <div class='ocr_carea' id='block_1_4' title="bbox 63 2751 1259 2862">
    <p class='ocr_par' dir='ltr' id='par_1_5' title="bbox 63 2751 1259 2862">
     <span class='ocr_line' id='line_1_33' title="bbox 63 2751 1248 2812; baseline -0.003 -12"><span class='ocrx_word' id='word_1_258' title='bbox 63 2760 198 2800; x_wconf 83' lang='lat' dir='ltr'>nifeste</span> <span class='ocrx_word' id='word_1_259' title='bbox 210 2790 221 2808; x_wconf 96' lang='lat'>,</span> <span class='ocrx_word' id='word_1_260' title='bbox 238 2759 263 2797; x_wconf 88' lang='lat' dir='ltr'>il</span> <span class='ocrx_word' id='word_1_261' title='bbox 281 2759 317 2798; x_wconf 86' lang='lat' dir='ltr'>le</span> <span class='ocrx_word' id='word_1_262' title='bbox 336 2759 415 2798; x_wconf 84' lang='lat' dir='ltr'>doit</span> <span class='ocrx_word' id='word_1_263' title='bbox 432 2759 616 2799; x_wconf 82' lang='lat' dir='ltr'>amender</span> <span class='ocrx_word' id='word_1_264' title='bbox 633 2772 683 2799; x_wconf 82' lang='lat' dir='ltr'>au</span> <span class='ocrx_word' id='word_1_265' title='bbox 699 2751 848 2812; x_wconf 86' lang='lat' dir='ltr'>prince.</span> <span class='ocrx_word' id='word_1_266' title='bbox 873 2776 891 2794; x_wconf 68' lang='lat' dir='ltr'>a</span> <span class='ocrx_word' id='word_1_267' title='bbox 914 2762 976 2798; x_wconf 92' lang='lat' dir='ltr'>Du</span> <span class='ocrx_word' id='word_1_268' title='bbox 994 2760 1144 2811; x_wconf 86' lang='lat' dir='ltr'>Gange,</span> <span class='ocrx_word' id='word_1_269' title='bbox 1165 2757 1192 2796; x_wconf 90' lang='grc' dir='ltr'>Ι.</span> <span class='ocrx_word' id='word_1_270' title='bbox 1214 2771 1248 2796; x_wconf 92' lang='lat' dir='ltr'>c.</span> 
     </span>
     <span class='ocr_line' id='line_1_34' title="bbox 223 2822 1259 2862; baseline -0.003 -1"><span class='ocrx_word' id='word_1_271' title='bbox 223 2838 270 2862; x_wconf 84' lang='lat' dir='ltr'>nr</span> <span class='ocrx_word' id='word_1_272' title='bbox 1209 2822 1259 2859; x_wconf 77' lang='lat'>25</span> 
     </span>
    </p>
   </div>
  </div>
 </body>
</html>
