2060 3392
641 282 787 318 LIBER
822 281 1022 320 PRIMUS.
1457 282 1534 317 353

121 375 221 415 tam
241 367 342 433 ipse
372 383 519 432 quam
554 368 807 433 collegium
844 368 1348 417 reverendissimorum
1380 366 1537 414 cardi-

121 445 329 507 nalium,
348 446 630 496 favorabiles
655 464 746 513 pro
767 447 909 495 nobis
929 447 1152 513 epistolas
1172 445 1394 507 scribere,
1418 460 1538 509 qua-

121 533 261 572 tenus
288 540 535 573 assensum
556 542 697 573 suum
720 535 961 592 praestaret
984 534 1038 572 ut
1059 525 1203 574 aliam
1224 523 1470 572 ecclesiam
1487 523 1537 569 in

122 617 274 666 regno
294 618 383 650 suo
405 602 743 651 honorabilem
778 619 1155 668 assequeremur,
1192 601 1426 650 sanctitati
1447 616 1541 648 suae

124 678 296 743 gratias
334 689 526 744 agentes
567 681 884 746 permaximas
899 718 912 743 ,
958 681 1152 728 alterius
1200 679 1407 727 ecclesiae
1452 676 1541 724 sub

123 754 337 820 ejusdem
357 757 480 820 regis
501 756 701 819 ditione,
729 775 874 822 quem
896 757 1001 806 talis
1023 757 1212 822 justitiae
1234 767 1282 805 et
1306 755 1418 803 fidei
1444 754 1545 802 fore

124 829 434 894 noveramus,
479 835 893 900 quemadmodum
923 851 1068 901 supra
1103 851 1132 882 a
1167 833 1309 881 nobis
1346 833 1547 881 relatum

124 918 220 972 est,
259 912 648 976 procurationem
680 922 729 961 et
758 913 969 976 regimen
999 912 1198 959 minime
1221 911 1342 959 velle
1363 909 1549 973 assequi

126 1003 212 1036 seu
236 987 504 1038 desiderare
522 990 886 1056 respondimus;
913 991 974 1038 de
997 990 1243 1038 humiliori
1270 989 1414 1036 etiam
1436 1004 1552 1035 con-

126 1066 245 1114 tenti
261 1067 400 1115 titulo
412 1084 559 1133 quam
570 1069 631 1116 sit
640 1069 1004 1134 patriarchatus,
1024 1067 1231 1116 ecclesiae
1253 1065 1550 1113 Caesariensis

129 1143 383 1193 Palaistinae
399 1183 413 1207 ,
450 1156 565 1194 teste
597 1146 741 1194 beato
782 1147 1076 1210 Hieronymo
1115 1146 1261 1193 totius
1298 1143 1553 1191 Palaestinae

128 1224 407 1290 metropolis
420 1262 434 1287 ,
483 1225 675 1273 titulum
715 1226 1066 1292 acceptavimus
1081 1228 1112 1286 ¹,
1152 1234 1201 1272 et
1235 1239 1295 1271 eo
1329 1222 1556 1270 libentius

129 1301 264 1366 quod
304 1301 447 1353 nobis
483 1319 671 1369 semper
714 1303 802 1350 fuit
839 1304 1073 1351 memoria
1107 1301 1393 1351 venerabilis
1428 1299 1558 1348 beati

131 1378 369 1446 Pamphili
417 1381 637 1446 martyris
675 1391 819 1445 atque
867 1380 1151 1429 venerabilis
1191 1378 1383 1427 Eusebii
1398 1414 1411 1438 ,
1455 1378 1557 1442 ejus

130 1453 350 1521 discipuli
366 1467 415 1506 et
435 1457 816 1520 contubernalis,
835 1458 920 1522 qui
937 1458 1080 1506 etiam
1101 1456 1260 1505 eidem
1282 1454 1552 1520 Pamphilo,

130 1533 356 1597 magistro
398 1552 510 1596 suo,
546 1535 597 1582 in
639 1535 846 1583 ecclesiae
890 1535 1104 1599 ejusdem
1144 1533 1557 1582 administratione

131 1611 370 1671 successit,
395 1622 460 1672 et,
482 1629 511 1660 a
530 1613 728 1660 nomine
751 1613 961 1676 magistri
982 1613 1055 1660 sui
1073 1621 1397 1676 cognomento
1419 1613 1557 1658 Pam-

131 1686 252 1753 phili
273 1688 524 1754 insignitus
538 1727 551 1752 ,
576 1690 666 1737 toti
683 1689 856 1737 Christi
877 1690 1084 1737 ecclesiae
1109 1689 1426 1752 insignissima
1444 1703 1555 1734 suo-

132 1781 242 1812 rum
252 1766 577 1815 studiosorum
590 1767 814 1816 laborum
838 1777 980 1831 atque
995 1767 1243 1814 utilissima
1259 1765 1557 1813 monimenta

133 1841 340 1907 reliquit.

200 1921 256 1966 In
283 1936 383 1984 quo
399 1957 413 1982 ,
450 1919 668 1985 pluribus
704 1921 1027 1986 praetermissis
1070 1920 1244 1986 quibus
1260 1958 1273 1983 ,
1320 1937 1463 1986 supra
1500 1938 1557 1969 ea

136 2013 243 2061 quae
275 1997 545 2059 retulimus,
574 1997 699 2046 dolis
720 2008 862 2062 atque
883 1998 1068 2062 injuriis
1092 1997 1286 2064 appetiti
1307 1998 1556 2062 vexatique

137 2073 335 2135 suimus,
359 2075 491 2123 hunc
515 2076 745 2141 apologiae
766 2085 937 2124 nostrae
959 2075 1175 2124 libellum
1198 2075 1407 2141 primum
1428 2075 1558 2123 clau-

138 2150 331 2213 demus,
370 2153 513 2202 aliam
549 2153 882 2219 postulationis
907 2164 1070 2202 vestrae
1102 2162 1287 2220 partem
1329 2153 1378 2199 in
1411 2153 1558 2200 alium

139 2239 448 2279 reservantes.

196 2382 236 2421 ¹.
265 2383 320 2420 Le
339 2382 392 2420 26
417 2381 493 2421 mai
514 2383 633 2421 ¹474.
