2060 3392
441 271 489 308 11·
805 263 1144 304 HISTORIARUM
1173 259 1410 298 LUDOVICI
1437 261 1493 297 xl

505 361 611 405 Non
643 365 801 403 autem
839 352 1035 400 cessavit
1071 350 1239 398 eadem
1273 349 1454 415 optima
1495 347 1774 413 principissa
1809 358 1858 396 et

439 433 730 500 supplicibus
767 429 988 496 precibus
1005 464 1017 487 ‚
1068 436 1116 475 et
1154 426 1535 492 quibuscumque
1570 433 1729 491 posset
1769 425 1857 474 viis

439 522 581 577 atque
612 509 792 570 modiS‚
818 507 1095 572 priusquam
1116 504 1176 552 de
1198 504 1434 553 damnatis
1458 503 1745 569 supplicium
1776 519 1856 550 su·

439 599 662 649 meretur,
690 583 1000 643 intercedere,
1037 598 1325 647 procurare,
1359 583 1532 629 instare
1567 590 1614 628 et
1642 596 1778 629 orare
1804 590 1858 629 ut

438 666 615 714 eisdem
631 663 770 711 venia
790 661 1067 722 donaretur,
1087 669 1135 708 et
1158 676 1219 708 ne
1240 659 1301 707 de
1323 660 1390 707 eis
1410 675 1554 725 poena
1574 667 1853 707 sumeretur.

439 743 531 790 Sed
550 751 682 789 tanta
700 737 1066 787 fuit-obstinatio
1088 736 1313 785 adversus
1337 753 1420 785 eos
1444 751 1638 797 eorum,
1666 735 1749 800 qui
1776 751 1859 783 eos

438 819 647 868 sublatos
689 816 1037 880 exstinctosque
1074 814 1302 863 volebant
1318 852 1331 877 ‚
1376 824 1430 862 ut
1471 830 1628 879 neque
1661 828 1827 879 preces
1841 850 1853 874 ,

438 913 591 960 neque
624 895 764 942 minae
795 910 878 941 seu
910 892 1281 940 interventiones
1315 907 1629 957 quaecumque
1662 889 1857 938 eosdem

437 973 668 1040 supplicio
700 971 965 1020 subducere
996 979 1256 1036 potuerunt
1274 970 1302 1015 '.
1337 968 1482 1028 Quod
1503 967 1718 1034 profecto
1747 967 1858 1024 satis

436 1052 566 1098 luctu
601 1059 741 1114 atque
781 1047 1002 1112 lacrymis
1036 1046 1235 1109 dignum
1286 1044 1388 1092 fore
1439 1043 1706 1105 videbatur,
1746 1059 1858 1091 cum

436 1138 590 1177 essent
605 1127 704 1175 duo
721 1126 811 1174 viri
833 1124 1078 1173 mundana
1095 1134 1142 1171 et
1157 1123 1365 1171 saeculari
1384 1122 1639 1187 prudentia
1653 1121 1857 1168 multum

436 1206 658 1255 callentes
699 1214 841 1268 atque
875 1203 1086 1268 plurium
1126 1216 1408 1264 magnarum
1441 1215 1601 1246 rerum
1637 1199 1859 1263 expertis-

436 1283 557 1330 simi.
598 1286 708 1330 Erat
747 1290 971 1347 praeterea
987 1281 1002 1303 ¹
1037 1280 1136 1345 ipse
1174 1277 1505 1337 cancellarius,
1541 1277 1651 1324 licet
1687 1274 1860 1323 humili

435 1362 544 1409 satis
568 1361 677 1408 loco
699 1359 854 1407 editus
866 1359 898 1418 ⁸,
919 1357 1070 1405 homo
1096 1366 1255 1404 tamen
1286 1356 1406 1420 juris
1435 1365 1483 1402 et
1506 1355 1656 1402 'totius
1679 1353 1857 1402 littera·

435 1449 549 1485 turae
567 1436 800 1486 saecularis
823 1435 1132 1502 peritissimus
1149 1450 1206 1482 ac
1226 1433 1558 1494 doctissimus,
1587 1431 1858 1495 eloquentia

435 1516 577 1563 etiam
614 1524 661 1562 et
698 1513 890 1562 dicendi
929 1513 1069 1578 copia
1111 1522 1254 1576 atque
1300 1509 1677 1579 promptitudine
1717 1525 1858 1557 orna·

435 1594 670 1642 tissimus
679 1630 693 1654 ,
728 1590 1040 1658 pluribusque
1089 1590 1285 1654 egregiis
1318 1589 1567 1653 insignitus
1603 1586 1858 1636 virtutibus

437 1671 689 1719 ferebatur.

495 1841 533 1876 1.
560 1840 621 1876 On
638 1837 681 1875 lit
700 1837 795 1876 dans
810 1848 888 1874 une
902 1835 1014 1875 lettr‘e
1031 1836 1079 1875 de
1093 1836 1210 1876 Louis
1226 1837 1284 1874 XI
1305 1848 1354 1874 en
1374 1835 1510 1874 faveur
1527 1833 1594 1873 des
1612 1833 1789 1873 heritiers
1806 1833 1859 1872 du

436 1900 651 1940 chancelier
675 1900 722 1939 de
743 1903 999 1952 Bourgogne:
1021 1916 1039 1934 ι
1062 1902 1200 1939 Nostre
1219 1897 1425 1938 cousine...
1446 1897 1593 1950 requist
1616 1905 1655 1935 et
1675 1896 1760 1949 pria
1782 1897 1859 1935 les-

436 1961 512 2000 ditz
530 1962 579 2001 de
597 1962 710 2002 Gand
730 1962 838 2001 avoir
856 1962 948 2014 pitie
967 1962 1099 2001 dudict
1114 1962 1286 2001 deffunct
1299 1990 1310 2009 ‚
1332 1970 1370 2000 et
1390 1960 1488 1999 tenir
1507 1973 1555 1999 en
1573 1971 1733 2012 suspens
1750 1959 1861 1998 icelle

437 2024 661 2071 execution3
681 2026 702 2061 ὲ
720 2024 758 2062 la
776 2024 902 2075 quelle
918 2037 988 2076 par
1008 2025 1045 2063 le
1058 2024 1180 2078 grand
1193 2024 1319 2075 doyen
1338 2023 1448 2061 dudit
1462 2022 1575 2061 Gand
1590 2023 1648 2061 fut
1665 2020 1860 2074 respondu

436 2101 512 2139 que
530 2086 620 2126 bien
638 2087 749 2125 estoit
767 2101 862 2139 vray
882 2101 958 2139 que
977 2101 1063 2127 sans
1081 2101 1196 2127 cause
1214 2101 1266 2126 on
1287 2085 1419 2125 l'avoit
1436 2085 1678 2138 condempne
1691 2087 1716 2123 ὲ
1733 2092 1858 2131 mort;

436 2150 531 2189 mais
567 2149 659 2202 qu’il
691 2150 898 2189 convenoit
932 2164 1009 2202 que
1043 2151 1140 2190 ainsi
1172 2151 1270 2198 fust,
1309 2163 1409 2201 pour
1434 2156 1636 2188 contenter
1659 2147 1697 2186 le
1720 2145 1861 2199 peuple

437 2213 546 2251 dudit
563 2213 688 2252 Gand.
708 2229 727 2249 x·
749 2211 1162 2266 Lenglet—Dufresnoy‚
1179 2214 1400 2259 Commium,
1423 2219 1453 2249 t.
1474 2214 1547 2258 III,
1561 2225 1602 2263 p.
1625 2211 1718 2250 513.
1744 2209 1802 2248 Cf.
1824 2208 1862 2247 le

436 2275 620 2313 Memoire
647 2275 696 2314 de
724 2278 778 2314 M.
811 2275 1014 2324 Gachard,
1044 2275 1267 2315 mentionne
1289 2273 1502 2321 ci-dessus,
1529 2281 1568 2312 et
1595 2285 1673 2312 une
1695 2279 1788 2311 note
1812 2270 1862 2310 de

436 2340 490 2377 M.
524 2337 694 2376 Marehal
712 2352 762 2377 au
787 2347 890 2377 tome
913 2342 992 2386 IX,
1012 2353 1053 2391 p.
1077 2341 1172 2387 159,
1201 2338 1249 2378 de
1277 2337 1450 2376 l'edition
1466 2336 1700 2375 bruxelloise
1722 2332 1862 2387 (1839)

438 2400 486 2439 de
502 2401 526 2439 l'
532 2401 697 2440 Histoire
716 2402 783 2440 des
801 2402 894 2440 dues
914 2402 962 2441 de
980 2405 1213 2455 Bourgogne
1231 2401 1280 2440 de
1297 2403 1351 2439 M.
1373 2400 1422 2439 de
1438 2404 1615 2439 Barante.

492 2465 531 2501 2.
561 2465 769 2513 Propterea
787 2463 882 2501 dans
899 2464 937 2502 le
955 2477 1027 2502 ms.
1405 2492 1414 2494 e
1439 2479 1441 2481 ’

491 2527 530 2564 3.
562 2525 778 2564 Guillaume
804 2529 984 2578 Hugonet
1014 2526 1105 2565 etait
1137 2526 1172 2564 d'
1176 2538 1253 2564 une
1274 2524 1418 2564 famille
1441 2524 1490 2562 de
1514 2523 1609 2563 robe
1633 2522 1685 2561 du
1710 2521 1860 2562 Charo-

438 2587 521 2627 lais.
541 2588 663 2639 Apres
688 2588 797 2626 avoir
812 2588 873 2626 ete
896 2587 1030 2626 maitre
1049 2587 1115 2627 des
1134 2588 1310 2640 requetes
1329 2586 1382 2625 du
1401 2585 1477 2625 duc
1494 2586 1543 2625 de
1562 2588 1817 2637 Bourgogne,
1834 2584 1860 2623 il

437 2649 568 2687 devint
585 2649 801 2687 chancelier
820 2662 869 2687 en
889 2651 986 2688 1471
998 2678 1008 2688 .

491 2713 529 2750 4.
560 2706 678 2763 Eloge
700 2710 840 2759 justitie
857 2724 927 2763 par
943 2711 980 2749 la
998 2712 1109 2750 lettre
1129 2712 1333 2763 eloquente
1351 2709 1444 2762 qu‘il
1464 2709 1597 2748 eci-ivit
1616 2711 1638 2747 ὲ
1661 2722 1702 2747 sa
1720 2709 1860 2747 femme

438 2773 473 2812 le
485 2772 576 2827 jour
594 2773 642 2811 de
661 2786 701 2811 sa
719 2782 832 2810 mort.
849 2775 1017 2811 Preuves
1033 2775 1055 2812 ὲ
1072 2774 1257 2812 l’histoire
1275 2773 1323 2811 de
1339 2771 1457 2812 Louis
1475 2774 1531 2811 XI
1542 2803 1552 2823 ,
1576 2785 1648 2825 par
1665 2770 1822 2810 Duelos.
1879 2797 1881 2799 ·
