2060 3392
716 290 861 328 mex
887 288 1088 327 PRIMUS.
1528 288 1600 324 351

194 379 487 446 percipiendi
510 389 560 428 et
584 378 838 443 colligendi
857 376 1203 435 conceduntur,
1227 375 1403 422 nullius
1418 375 1609 422 alterius

195 457 265 505 rei
311 471 477 506 curam
522 467 687 521 gerant
731 472 876 521 quam
923 465 978 502 ut
991 492 1006 517 ,
1057 454 1262 502 maxime
1303 452 1607 501 corradentes

194 549 506 599 quaecumque
527 543 744 600 possunt,
764 550 851 582 sua
870 533 931 580 de
947 543 1047 581 tam
1070 531 1297 594 sacrilego
1321 539 1503 595 quaestu
1521 529 1610 577 far-

194 611 325 660 ciant
345 613 609 678 marsupia,
637 629 793 677 neque
821 611 910 658 Dei
941 611 1163 658 timorem
1180 647 1193 670 ,
1218 625 1375 672 neque
1397 607 1542 655 decus
1563 617 1612 655 et

196 689 434 738 honorem
453 691 660 739 ecclesiae
681 691 755 738 vel
785 690 1035 737 utilitatem
1055 688 1286 736 habentes
1311 703 1409 752 prae
1439 686 1607 745 0011115,

197 767 282 816 sed
296 768 434 816 11111111
450 785 643 834 prorsus
662 768 973 834 pensitantes;
993 766 1092 830 jam
1109 766 1247 813 3111115
1269 764 1415 812 ferme
1435 780 1611 811 novem

197 861 290 894 nos
321 855 370 894 et
404 847 651 895 ecclesiam
692 856 835 911 atque
874 855 1064 893 nostros
1103 842 1436 908 hujuscemodi
1472 842 1612 889 fuisse

198 922 543 972 oehmitatibus
565 924 830 984 involutos3
855 940 1015 988 regem
1039 939 1226 987 semper
1249 921 1389 968 fuisse
1408 921 1615 986 pertina-

198 1000 383 1049 cissime
407 999 716 1050 obfirmatum
747 1018 1008 1068 pravorum
1041 997 1420 1063 suggestionibus
1446 1007 1494 1044 et
1513 1013 1614 1045 ma-

198 1076 540 1141 chinamentis,
565 1078 699 1144 quod
728 1095 980 1143 nunquam
1002 1077 1315 1143 permissurus
1338 1076 1397 1123 sit
1426 1085 1614 1141 tempo-

200 1153 371 1202 ralium
393 1155 601 1203 ecclesiae
622 1171 712 1203 nos
735 1154 1144 1203 administratione
1171 1153 1338 1219 potiri,
1359 1169 1449 1199 nec
1474 1152 1550 1200 vel
1565 1152 1616 1199 in

201 1231 395 1281 dioecesi
420 1234 497 1282 vel
521 1235 572 1282 in
593 1234 841 1300 provincia
859 1234 1095 1295 residere3
1119 1233 1252 1299 quod
1286 1234 1325 1281 si
1345 1232 1617 1298 permittere

201 1326 252 1358 se
283 1309 487 1373 diceret,
521 1328 580 1359 ex
613 1312 688 1360 his
718 1323 880 1361 tamen
907 1328 1013 1377 quae
1051 1312 1111 1359 de
1140 1312 1235 1359 suis
1262 1309 1614 1370 securitatibus,

202 1384 297 1434 fide
317 1397 462 1453 atque
478 1389 657 1453 justitia
672 1427 686 1451 ,
715 1398 820 1436 tum
843 1390 894 1437 in
927 1389 1068 1437 nobis
1090 1390 1224 1455 ipsis,
1249 1398 1353 1436 tum
1378 1389 1428 1436 in
1450 1403 1617 1452 quam·

200 1463 417 1528 plurimis
465 1466 568 1514 aliis
610 1475 856 1532 comperta
897 1466 1155 1514 habuimus
1172 1502 1185 1527 ,
1230 1483 1331 1513 non
1371 1482 1420 1514 se
1457 1465 1619 1532 videre

202 1541 405 1604 qualiter
433 1542 495 1590 de
524 1543 638 1608 ipsis
666 1544 766 1591 ullo
797 1553 941 1608 pacto
980 1543 1127 1591 fidere
1155 1542 1454 1591 deberemus.
1488 1533 1618 1600 Qua}

202 1628 398 1683 propter
417 1621 652 1686 supplices
671 1631 720 1668 et
734 1621 829 1669 alta
846 1621 1087 1669 trahentes
1108 1622 1326 1686 suspiria,
1348 1619 1491 1668 nobis
1511 1637 1622 1685 sup-

203 1695 441 1761 plicarunt
474 1709 731 1763 quatenus,
764 1716 856 1764 pro
890 1699 1168 1763 hujusmodi
1198 1699 1374 1761 causis,
1392 1750 1394 1752 a
1415 1698 1622 1746 ecclesiae

205 1773 443 1837 primum,
470 1777 547 1822 cui
570 1776 850 1824 famulatum
872 1786 1091 1824 nostrum
1111 1777 1390 1842 impendere
1412 1793 1513 1823 non
1532 1791 1622 1840 po-

206 1859 436 1914 teramus,
462 1853 615 1900 causis
650 1869 769 1918 quas
796 1853 1003 1900 diximus
1035 1863 1083 1901 et
1103 1854 1339 1902 violentiis
1364 1851 1619 1918 prohibiti,

207 1928 354 1992 quieti
372 1929 516 1977 etiam
543 1940 714 1978 nostrae
741 1941 883 1996 atque
904 1932 1010 1978 vitae
1040 1941 1087 1978 et
1114 1941 1260 1979 status
1292 1931 1364 1978 sui
1386 1931 1622 1979 securitati

209 2011 581 2072 &ceterorumque
597 2046 609 2070 ,
651 2008 734 2072 qui
748 2045 761 2070 ,
806 2008 1020 2055 similiter
1059 2018 1113 2055 ut
1150 2008 1265 2073 ipsi,
1311 2007 1401 2055 sub
1444 2008 1624 2072 ingenti

207 2097 386 2147 pavore
413 2093 556 2149 atque
593 2084 848 2134 formidine
885 2083 950 2132 ob
985 2101 1177 2133 causam
1201 2086 1351 2133 nostri
1383 2086 1530 2134 vitam
1550 2085 1625 2134 in-

208 2158 391 2208 felicem
415 2162 627 2222 trahunt,
652 2163 923 2228 prospicere
941 2173 1084 2228 atque
1105 2164 1353 2211 consulere
1376 2164 1620 2212 vellemus.

269 2239 439 2288 Audita
460 2241 620 2329 itaque
642 2251 690 2289 et
711 2242 903 2305 cognita
925 2242 1222 2290 calamitate
1211 2259 1261 2289 111
1286 2258 1382 2306 qua
1409 2252 1457 2290 et
1480 2243 1626 2290 eccle-

210 2316 279 2365 513
301 2328 402 2381 erat
423 2329 470 2367 et
498 2320 588 2385 ipsi
614 2321 763 2367 nostri
786 2321 1013 2384 germani,
1036 2322 1119 2386 qui
1145 2321 1210 2369 ob
1232 2338 1446 2369 amorem
1476 2322 1626 2369 nostri
1696 2383 1699 2385 q

210 2392 354 2458 longa
374 2397 535 2445 exsilia
567 2398 832 2463 multasque
860 2398 1142 2446 afflictiones
1165 2399 1483 2464 pertulerant,
1525 2399 1625 2447 3111-

213 2485 307 2534 que
342 2474 440 2522 cari
460 2485 508 2522 et
530 2476 671 2524 amici
694 2476 868 2537 nostri3
894 2493 1064 2523 eorum
1088 2476 1339 2540 gemitibus
1365 2487 1507 2542 atque
1529 2477 1626 2524 sin-

215 2549 421 2611 gultibus
458 2554 662 2617 permoti
680 2592 692 2614 ,
733 2564 781 2601 et
811 2555 1016 2602 maxime
1050 2554 1184 2619 quod
1210 2571 1299 2602 nec
1341 2555 1391 2601 in
1431 2554 1628 2602 ecclesia

215 2642 299 2679 seu
316 2627 506 2677 dioecesi
542 2641 704 2678 nostra
733 2632 809 2679 vel
844 2632 892 2680 in
935 2632 1182 2697 provincia
1217 2633 1518 2680 Normanniae
1556 2649 1631 2678 us·

216 2705 346 2769 piam
375 2717 496 2755 stare
523 2724 607 2756 seu
637 2709 841 2757 residere
865 2710 1074 2774 permitti
1104 2726 1192 2757 nec
1224 2709 1323 2757 ullo
1346 2719 1486 2774 pacto
1508 2726 1628 2772 quo-

217 2798 422 2848 cumque
446 2786 555 2832 loco
585 2782 674 2833 sub
710 2785 805 2833 hoc
836 2802 944 2849 rege
976 2786 1147 2849 degere
1171 2786 1500 2851 sperabamus,
1541 2802 1630 2833 nec
