2060 3392
504 353 580 389 290
1073 345 1347 393 nomeu,

502 441 552 488 in
577 438 813 487 consimili
836 452 947 483 casu
970 435 1178 482 facturus
1198 433 1342 494 foret,
1367 442 1421 480 ut
1440 433 1675 498 protinus,
1700 431 1830 480 nulla
1849 432 1922 480 ul·

503 520 647 567 terius
677 516 738 564 de
771 515 1000 581 pensione
1031 512 1154 561 facta
1187 512 1433 561 mentione
1447 548 1460 574 ‚
1495 511 1672 561 furenti
1708 510 1921 575 indigna·

506 595 624 644 tioni
645 593 939 642 cederemus.

971 849 1312 896 CAPITULUM
1346 850 1447 895 XII.

571 993 623 1027 De
638 989 864 1038 expeditione
879 997 1000 1025 nostra
1015 988 1053 1024 in
1073 987 1172 1023 curia
1187 987 1279 1036 regis
1295 995 1329 1022 et
1347 986 1569 1035 profectione
1583 985 1849 1034 perpinianum.

563 1129 709 1193 Cujus
727 1138 954 1192 tanquam
974 1128 1181 1176 maxime
1203 1136 1531 1192 opportunum
1550 1135 1665 1173 tunc
1687 1125 1924 1190 nobisque

498 1207 696 1272 perutile
712 1206 966 1253 consilium
978 1205 1181 1252 libenter
1193 1205 1416 1270 amplecti
1436 1205 1721 1253 studuimus.
1744 1207 1803 1250 Et
1820 1203 1925 1269 ipso

499 1285 594 1346 die,
620 1285 843 1348 injuriam
865 1283 1144 1347 hujusmodi
1163 1284 1398 1348 patienter
1418 1283 1639 1344 ferentes,
1665 1283 1754 1329 iter
1777 1281 1925 1329 eundi

500 1362 839 1426 Perpinianum
871 1361 1173 1426 arripuimus.

564 1441 675 1485 Haec
697 1420 784 1485 fuit
814 1438 933 1485 fides
963 1438 1306 1503 promissarum
1340 1438 1648 1486 securitatum
1675 1447 1722 1484 et
1747 1437 1928 1485 solem-

502 1515 623 1562 niter
657 1531 775 1562 voce
801 1515 1039 1579 praeconia
1056 1551 1068 1575 ‚
1105 1514 1473 1579 praecinentibus
1503 1513 1653 1575 tubis,
1686 1514 1737 1561 in
1761 1515 1860 1562 vim
1881 1524 1929 1562 et

501 1589 650 1637 robur
671 1591 937 1638 edictorum
959 1591 1188 1653 regalium
1217 1590 1393 1654 ubique
1422 1590 1790 1655 publicatarum,
1819 1591 1930 1639 alia-

503 1684 705 1732 rumque
733 1668 1132 1732 pollicitationum
1165 1667 1225 1715 de
1261 1668 1596 1716 constituenda
1629 1668 1769 1717 nobis
1805 1686 1926 1734 pen-

503 1747 636 1792 sione
663 1745 976 1810 postmodum
1002 1744 1259 1805 factarum3
1285 1745 1386 1792 haec
1409 1745 1665 1793 clementia
1679 1783 1692 1807 ,
1720 1745 1822 1793 haec
1842 1745 1932 1794 hu-

506 1822 710 1869 manitas
746 1821 868 1885 regis
903 1837 1015 1885 erga
1054 1837 1144 1868 nos
1182 1821 1286 1868 fuit.
1325 1824 1505 1869 Verum
1522 1859 1534 1880 ,
1565 1824 1668 1869 Deo
1702 1838 1802 1870 non
1842 1841 1931 1872 nos

507 1899 749 1946 deserente
762 1935 775 1960 ‚
807 1898 891 1945 sed
914 1914 1101 1963 semper
1125 1915 1211 1946 sua
1231 1899 1557 1947 misericordia
1577 1909 1626 1946 et
1655 1899 1931 1964 dignatione

509 1977 807 2024 confortante
842 1985 888 2023 et
918 1976 1196 2023 consolante
1229 1993 1318 2024 nos
1332 2014 1345 2036 ‚
1379 1993 1574 2024 omnem
1598 1976 1931 2042 hujuscemodi

510 2054 734 2118 injuriam
756 2053 990 2118 patienter
1013 2063 1062 2100 et
1083 2053 1266 2101 fortiter
1292 2054 1489 2102 tulimus
1508 2073 1522 2114 ;
1555 2055 1932 2121 continuatoque

513 2148 598 2196 per
620 2131 858 2194 integrum
891 2130 1038 2178 ferme
1069 2147 1283 2179 mensem
1320 2132 1487 2180 itinere
1500 2169 1513 2194 ‚
1556 2133 1623 2180 sic
1651 2131 1858 2197 benigne
1885 2145 1934 2183 et

513 2209 788 2258 humaniter
845 2208 1079 2272 expediti,
1135 2209 1475 2274 Perpinianum
1529 2209 1725 2258 tandem
1781 2213 1934 2278 appli-

515 2303 716 2334 cuimus.
1453 2335 1457 2338 .

580 2363 907 2412 Habitavimus
945 2374 1105 2412 autem
1139 2365 1234 2412 illic
1273 2382 1360 2430 per
1400 2382 1581 2414 annum
1614 2367 1851 2432 integrum
1887 2379 1935 2417 et

517 2458 668 2507 prope
699 2441 821 2488 duos
858 2458 1044 2489 menses
1058 2479 1070 2503 ,
1108 2442 1375 2490 exercendo
1403 2442 1616 2492 officium
1643 2446 1934 2495 cancellariae

519 2519 569 2565 in
599 2518 901 2566 comitatibus
917 2518 1193 2566 Rossilionis
1209 2529 1257 2566 et
1275 2519 1547 2581 Ceritaniae3
1574 2523 1657 2586 qui
1674 2534 1786 2572 sunt
1805 2541 1933 2589 quae·

520 2595 634 2643 dam
661 2593 877 2642 membra
911 2595 1201 2660 principatus
1237 2596 1514 2658 Cataloniae‚
1559 2599 1643 2646 sed
1682 2610 1798 2649 tunc
1838 2602 1935 2666 regi

519 2676 811 2720 Francorum
843 2671 1090 2736 parebant.
1129 2675 1183 2718 In
1215 2673 1349 2737 cujus
1376 2676 1598 2724 exercitio
1625 2677 1675 2724 id
1697 2695 1788 2726 nos
1815 2674 1936 2744 prae-

520 2751 658 2814 cipue
699 2749 962 2803 delectabat
997 2759 1045 2797 et
1086 2767 1186 2798 non
1222 2766 1394 2815 parum
1437 2743 1653 2802 nostrum
1694 2755 1936 2804 solabatur

520 2828 759 2889 exsilium,
794 2826 951 2891 quod,
982 2827 1255 2876 exhibendo
1289 2846 1378 2894 pro
1405 2833 1718 2882 ministranda
1755 2834 1934 2898 justitia
