2060 3392
595 301 740 338 unm
767 301 969 340 szx'ms.
1423 303 1498 338 125

11 433 14 435 .
85 388 181 453 que
216 388 414 436 sinistris
451 388 660 435 masiliis
686 388 1052 446 circumventus,
1077 403 1107 435 a
1141 397 1265 436 recte
1300 397 1348 435 et
1380 388 1502 451 juste

0 459 39 501 ‚⁴⁴-
85 464 332 533 desponsis
351 466 536 525 resiliit,
575 466 885 531 prorupitque
916 466 967 513 in
989 465 1167 514 frivolae
1189 465 1435 529 cujusdam
1456 478 1504 515 et

0 580 26 642 ᾳ
83 545 345 593 temerarioe
360 544 700 630 appellationis
733 560 921 590 vocem.
952 546 1069 602 Quae
1097 544 1312 610 profecto
1333 546 1503 594 merito

0 622 22 664 ³„
85 618 370 669 adsistere
352 636 460 685 jure
477 637 579 668 non
599 630 802 694 poterat,
826 630 929 668 tum
949 621 1081 685 quod
1095 638 1152 669 ex
1177 632 1307 670 certa
1322 633 1507 671 senten-
1527 647 1531 650 ·

0 668 19 778 ξ·
83 698 159 747 ὤ
173 699 350 746 summi
375 698 615 764 pontificis
626 698 888 787 appellatio
909 698 1234 760 inhibebatur,
1254 710 1358 748 tum
1373 703 1504 766 quod

0 778 18 849 ζ’,
83 768 290 827 ffldffifio
322 793 422 825 non
453 787 557 825 erat
588 778 679 824 nisi
713 777 774 824 de
806 777 880 824 his
911 794 1015 842 quae
1053 778 1227 826 divinis
1262 781 1508 845 praeceptis

39 851 135 903 bt
151 854 304 904 meris
329 871 574 905 canonum
601 854 926 903 sanctionibus
956 855 1059 903 fieri
1082 856 1327 920 jubentur.
1355 860 1507 906 Noto-

0 923 21 994 ξ
82 919 247 981 imm
231 948 427 1000 Insuper
453 945 555 982 erat
585 934 766 981 crimen
799 933 1038 982 evidentia
1066 934 1192 994 facti,
1218 936 1351 1000 quod
1376 937 1506 984 nulla

0 1004 13 1074 ῐ
79 1008 272 1091 potem
298 1011 683 1074 tergiversatione
714 1011 858 1058 celari
894 1011 968 1058 vel
1006 1010 1271 1070 obfuscari,
1318 1012 1380 1062 de
1409 1030 1507 1078 quo

0 1082 12 1165 ,ξ
79 1075 303 1148 ξἰ·ἑὶ·ῑιιίἰιια,
323 1097 376 1136 ut
401 1105 451 1135 se
472 1088 684 1152 ejusdem
702 1098 964 1154 patratores
988 1089 1315 1150 emendarent,
1341 1091 1508 1139 admo-

80 1163 345 1213 uehuntur.¹
368 1168 450 1213 11ae
478 1175 639 1213 autem
662 1182 812 1214 causae
844 1175 891 1213 et
917 1182 1084 1213 earum
1120 1167 1313 1231 singulae
1339 1167 1507 1216 validae

0 1260 6 1282 t
85 1252 261 1291 suntet
279 1242 494 1291 efficaces
509 1243 572 1291 ad
585 1243 898 1308 rejiciendum
912 1254 959 1290 et
973 1244 1322 1293 exsufflandum
1340 1262 1509 1295 omnes

80 1320 284 1385 hujusce
304 1320 495 1369 frivolas
511 1321 868 1387 appellationes.

81 1411 109 1425 ··
152 1398 289 1464 Atqui
317 1399 629 1447 nihilominus
659 1400 747 1465 ipsi
777 1399 1023 1447 seditionis
1060 1410 1293 1460 auctores,
1327 1402 1395 1448 eis
1434 1402 1508 1449 in-

80 1477 221 1537 nexi,-
245 1486 294 1525 et
315 1478 860 1526 excommunicationem
882 1487 931 1524 et
960 1479 1216 1526 anathema
1239 1479 1362 1527 'sedis
1397 1496 1510 1546 apo-

85 1553 278 1615 stoliae,
296 1550 601 1602 interdictum
611 1571 805 1620 quoque
817 1554 1114 1620 publicatum
1126 1566 1504 1619 contemnentes,

83 1638 141 1680 ‘se
158 1637 403 1697 ³praetextu
452 1633 562 1681 talis
597 1633 928 1699 appellationis
967 1634 1188 1685 defensos
1221 1633 1509 1683 sufficienter

83 1708 379 1772 jactitabant.
406 1710 551 1768 Quod
572 1721 620 1758 et
643 1711 886 1770 nonnulli,
917 1710 1007 1758 sibi
1041 1711 1397 1776 evangelizandi
1407 1712 1509 1760 offi-

89 1786 219 1834 cium
243 1797 522 1853 usurpantes
537 1824 550 1848 ,
575 1790 676 1836 ausi
709 1799 819 1836 sunt
848 1788 896 1834 in
937 1788 1185 1847 cathedra,
1229 1805 1375 1853 quam
1408 1806 1509 1837 non

91 1862 279 1912 decem
305 1865 396 1911 nisi
417 1866 697 1929 evangelicae
721 1866 929 1913 veritatis
955 1867 1175 1914 nuntiam
1201 1883 1326 1926 esse,
1351 1868 1509 1933 impu-

91 1941 260 1991 denter
275 1942 471 1991 auribus
484 1944 711 1992 adstantis
725 1945 892 2009 populi
907 1945 1138 2008 ingerere.
1155 1945 1249 2003 Qui
1271 1945 1432 2006 etiam,
1459 1956 1511 1993 ut

0 2059 4 2087 ἶ
90 2020 271 2068 eisdem
288 2022 491 2087 amplius
508 2021 626 2070 fides
642 2021 916 2081 haberetur,
945 2021 1159 2069 officium
1191 2023 1511 2088 inquisitionis

0 2090 17 2156 ’ἦ
87 2096 322 2147 haereticae
363 2100 607 2165 pravitatis
648 2117 698 2148 se
735 2100 981 2165 jactabant
1019 2100 1215 2149 habere.
1267 2102 1391 2150 Sed
1397 2119 1510 2150 cum

0 2140 35 2295 ἒ
84 2174 245 2224 clerus
261 2173 546 2226 venerabilis
575 2179 776 2226 civitatis
796 2178 857 2226 de
876 2179 1209 2243 hujuscemodi
1241 2179 1511 2245 apostolicis

83 2255 455 2316 monitionibus,
508 2257 718 2304 censuris
766 2267 814 2306 et
858 2258 1135 2318 interdictis,
1184 2259 1330 2323 ipsius
1367 2260 1510 2307 etiam

92 2332 397 2396 Enghelbe'rti
440 2336 696 2383 assertione
710 2371 722 2395 ,
764 2352 850 2400 per
871 2352 1015 2401 quem
1049 2336 1330 2383 eorumdem
1351 2338 1512 2402 copias

92 2421 375 2476 acceperant
393 2448 406 2471 ,
454 2412 741 2460 sufficienter
782 2413 1020 2460 certiorati
1063 2423 1216 2461 essent
1232 2451 1245 2475 ,
1289 2413 1510 2462 decreve—

94 2495 230 2548 runt,
256 2489 325 2535 uti
347 2504 436 2553 par
456 2499 574 2548 erat,
598 2490 869 2554 apostolicis
886 2490 1123 2538 mandatis
1144 2507 1201 2538 ac
1217 2492 1427 2538 censuris
1445 2509 1513 2538 re·

93 2575 310 2613 verenter
329 2576 471 2630 atque
492 2567 773 2615 obedienter
796 2583 979 2632 parere.

88 2702 92 2706 ι
158 2643 281 2690 Sane
303 2660 414 2691 cum
435 2644 486 2691 id
514 2654 730 2709 regentes
750 2645 951 2706 civitatis
971 2655 1019 2691 et
1050 2644 1324 2692 rebellionis
1348 2656 1511 2693 aucto·

94 2734 170 2768 res
209 2719 546 2769 intellexissent
588 2722 718 2786 quod
755 2721 907 2769 clerus
929 2722 1234 2769 interdictum
1258 2721 1512 2770 observare

96 2797 352 2856 statuisset,
390 2808 436 2845 et
458 2799 559 2862 jam
588 2815 616 2846 a
636 2799 810 2846 divinis
843 2799 891 2844 in
925 2799 1082 2860 vigilia
1119 2798 1245 2845 beati
1275 2799 1510 2846 Laurentii
