2060 3392
651 294 801 332 LIBER
825 293 1025 332 PRIMUS.
1478 294 1556 331 3¹5

131 382 392 432 haberetur
415 398 506 430 nos
527 381 689 430 adhuc
715 382 767 428 in
790 381 1017 428 humanis
1039 380 1313 445 superstites
1334 395 1574 441 manere„

133 459 360 510 omnibus
392 460 504 508 viris
526 458 670 507 bonis
700 468 749 507 et
772 458 888 506 odio
917 468 1029 506 sunt
1051 457 1227 520 habiti,
1260 467 1307 506 et
1331 458 1462 505 velut
1485 458 1557 505 in-

133 541 238 590 sani
254 549 306 588 et
324 539 439 588 fatui
469 538 678 586 ludibrio
702 547 976 603 patuerunt.

196 619 324 666 Sane
333 633 446 665 cum
461 615 591 682 apud
603 615 831 664 Basileam
844 615 1051 680 spatium
1064 614 1301 662 mensium
1314 630 1396 662 sex
1410 624 1560 663 wans-

133 696 388 759 egissemus
402 731 416 755 ‚
458 703 507 741 et
543 692 820 758 pervulgata
853 692 1034 757 ubique
1071 692 1198 740 sama
1226 692 1401 741 factam
1435 694 1560 742 inter

134 789 295 837 regem
318 782 366 820 et
396 770 791 834 Burgundionum
814 770 988 818 ducem
1021 770 1151 835 apud
1177 773 1435 818 Peronam¹
1472 789 1559 838 pa-

134 866 241 898 oem
260 849 482 897 omnium
498 864 587 896 ora
606 849 870 914 compleret
881 884 894 907 ‚
926 857 1170 913 sperantes
1194 848 1341 912 ipsius
1357 849 1558 897 obtentu

134 926 309 975 nostris
325 926 464 974 malis
482 925 747 973 remedium
769 925 968 973 allatum
988 941 1089 972 esse
1104 924 1281 973 debere
1292 963 1305 987 ,
1325 926 1387 973 ad
1403 936 1561 992 partes

135 1003 397 1054 Bmlnntiae
417 1013 466 1052 et
487 1003 853 1051 illustrissimum
872 1003 1140 1068 principem
1164 1004 1561 1067 Burgundionum

135 1081 335 1144 ducent,
370 1081 534 1130 relicta
571 1081 776 1142 Basilea,
818 1098 909 1128 nos
947 1081 1237 1128 contulimus
1249 1085 1278 1142 ²,
1320 1093 1562 1146 sperantes

135 1161 237 1225 ejus
267 1161 538 1227 patrocinio
578 1160 709 1225 apud
742 1175 904 1223 regem
934 1160 1335 1207 reconciliationis
1363 1161 1561 1224 gratiam

135 1254 276 1304 ponne
296 1238 530 1300 invenire,
558 1238 622 1286 ad
637 1254 783 1301 quem
803 1247 987 1285 tantam
1005 1237 1388 1286 benevolentiam
1405 1238 1563 1286 verbis

140 1317 367 1382 factisque
387 1327 505 1365 tunc
529 1332 612 1364 rex
633 1315 812 1364 habere
845 1332 895 1363 se
923 1315 1192 1377 indicabat,
1221 1326 1275 1363 ut
1312 1333 1562 1381 nunquam
1622 1351 1635 1366 .

138 1396 264 1444 inter
288 1395 412 1444 duos
443 1396 631 1460 aliquos
665 1395 906 1460 principes
933 1395 1138 1459 majores
1169 1395 1387 1443 amicitiae
1412 1412 1564 1443 nexus

137 1473 280 1522 finisse
301 1483 600 1539 putarentur,
626 1472 841 1535 nihilque
863 1472 1066 1519 omnino
1091 1472 1152 1519 de
1171 1472 1271 1534 his,
1294 1489 1400 1536 quae
1418 1473 1480 1520 ab
1503 1490 1563 1520 eo

137 1551 269 1600 idem
309 1551 410 1599 dux
449 1559 693 1616 posceret,
729 1549 822 1597 sihi
863 1549 1014 1597 abnui
1046 1566 1185 1615 posse
1223 1550 1480 1614 jactaretur
1512 1552 1562 1598 in

135 1629 322 1693 vulgus.
349 1628 501 1694 Ipsius
522 1628 682 1691 itaque
717 1627 1016 1675 illustrissimi
1045 1627 1181 1674 ducis
1202 1627 1460 1692 implorato
1482 1645 1564 1676 au-

137 1707 251 1757 xilio
268 1706 399 1772 apud
413 1705 718 1766 Gandavum,
738 1705 930 1753 fortuna
951 1721 1099 1769 quam
1113 1706 1451 1752 inveneramus
1474 1706 1562 1752 sibi

138 1785 375 1850 exposita,
398 1794 447 1832 et
469 1799 500 1832 a
515 1800 566 1831 se
585 1783 925 1846 benignissime
944 1783 1124 1844 audita,
1152 1800 1239 1831 sua
1264 1783 1562 1832 humanitate

139 1862 436 1928 permaxima
465 1861 690 1926 epistolas
703 1898 716 1922 ,
747 1861 954 1908 humiles
983 1878 1073 1926 pro
1095 1861 1236 1908 nobis
1264 1862 1565 1909 continentes

139 1954 306 2004 preces
319 1976 332 1999 ‚
358 1939 458 2004 ipse
479 1938 542 1986 ad
562 1954 722 2003 regem
746 1954 833 2002 per
855 1954 1007 1985 unum
1025 1938 1329 1986 secretarium
1352 1939 1498 1985 semel
1519 1948 1566 1985 et

140 2004 289 2064 altera
310 2016 415 2063 vice
437 2011 703 2063 destinavit.

208 2092 396 2152 Quibus
423 2109 534 2140 cum
560 2109 662 2140 non
687 2092 836 2140 modo
865 2092 985 2140 nihil
1016 2093 1256 2141 emollitus
1292 2104 1374 2141 aut
1402 2095 1566 2159 propi·

142 2169 237 2220 tius
255 2171 423 2234 magis,
459 2170 543 2218 sed
570 2170 731 2235 potius
753 2171 958 2235 amplius
991 2170 1299 2218 exacerbatus
1321 2181 1369 2218 et
1400 2171 1568 2219 durior

145 2257 287 2312 atque
306 2247 476 2295 saevior
493 2247 787 2308 redderetur,
810 2264 899 2295 nec
917 2248 1074 2296 laxare
1092 2265 1431 2312 germanorum
1451 2265 1566 2296 nos-

145 2334 330 2374 trorum
360 2325 709 2387 detentionem,
750 2326 914 2373 arresti
950 2336 998 2373 et
1023 2328 1384 2392 proscriptionis
1407 2327 1568 2374 adhuc

147 2403 466 2451 incommodis
484 2403 792 2460 affectorum,
820 2404 1054 2452 ullatenus
1077 2405 1235 2467 vellet,
1269 2406 1402 2453 veriti
1424 2422 1503 2466 ne,
1530 2405 1568 2451 si

149 2481 516 2546 importuniores
540 2499 771 2543 essemm,
795 2482 976 2534 eisdem
1000 2485 1235 2547 germanis
1254 2485 1427 2532 nostris
1445 2485 1565 2531 ulte-

150 2558 248 2605 rior
271 2558 603 2623 importunitas
624 2560 820 2607 exitium
850 2561 1152 2625 importaret,
1187 2563 1389 2625 ingenti,
1414 2577 1566 2626 quan-

206 2739 246 2775 ¹.
277 2737 328 2774 14
346 2734 504 2775 octobre
523 2738 643 2776 1468.
664 2739 792 2789 Voyez
810 2746 838 2776 t.
860 2741 914 2788 H,
935 2752 975 2791 p.
998 2740 1092 2778 ¹89.

206 2804 247 2841 2.
276 2804 338 2840 Au
354 2810 683 2842 commenoement
698 2802 747 2842 de
764 2803 917 2842 l’annee
939 2805 1058 2844 ¹469.
