2060 3392
722 281 866 318 LIBER
898 281 1100 318 PRIMUS.
1544 284 1621 321 333

204 370 470 418 secutiones
482 369 731 416 imminere
745 370 1094 432 cognoscimus,
1114 370 1343 431 humana,
1363 386 1468 434 quae
1483 371 1625 418 nobis

204 457 453 513 suppetere
492 447 555 494 ad
587 446 699 495 talia
739 448 864 494 mala
897 448 1117 495 evitanda
1153 447 1359 503 remedia
1393 459 1593 512 possunt
1609 488 1620 508 ‚

205 525 440 588 negligere
461 533 542 571 aut
570 524 920 589 praetermittere
947 525 1177 587 ignaviter
1200 541 1300 572 non
1326 523 1586 573 debeamus
1608 544 1619 572 ε

205 600 362 664 quod,
401 600 568 665 procul
600 599 776 660 dubio,
815 616 915 647 non
946 600 1075 647 aliud
1117 612 1238 649 esset
1269 618 1415 666 quam
1443 612 1626 650 tentare

205 680 380 735 Deum,
403 677 535 742 quod
554 693 694 740 grave
709 687 958 744 peccatum
982 688 1067 725 est.
1377 737 1381 743 ἱ

272 755 356 802 uis
371 755 570 802 instituti
581 756 825 820 praeceptis
840 765 982 819 atque
1001 755 1247 817 doctrinis,
1269 757 1506 804 innumeri
1527 775 1629 823 per-

207 833 357 880 sancti
375 833 482 892 viri,
509 849 621 879 cum
637 833 891 880 sententias
911 834 1297 898 persequentium
1315 834 1625 897 declinarent,

207 913 413 980 propriis
434 912 626 960 sedibus
646 914 845 974 relictis,
870 914 932 961 ad
951 923 1132 961 exteras
1153 915 1395 976 nationes,
1416 914 1502 963 ubi
1525 925 1629 965 tuto

212 989 483 1038 delitescere
501 1001 713 1056 possent,
737 1007 837 1038 sese
858 991 1179 1039 contulerunt.
1204 993 1404 1040 Sanctus
1421 993 1629 1042 Athana-

208 1069 322 1130 sius,
346 1069 615 1134 patriarcha
636 1068 1004 1128 Alexandrinus,
1031 1070 1295 1117 Constantii
1318 1071 1473 1118 vitans
1499 1071 1630 1119 furo·

208 1163 328 1208 rem,
364 1147 602 1194 Treverim
635 1163 811 1212 usque,
855 1147 1122 1195 Germaniae
1155 1146 1328 1195 urbem
1341 1187 1354 1205 ‚
1382 1148 1627 1213 pervenit3

210 1243 309 1291 quo
329 1226 440 1274 loco
460 1243 548 1292 per
570 1227 872 1292 septennium
894 1226 1043 1273 ferme
1062 1226 1215 1274 latuit.
1241 1229 1441 1274 Sanctus
1453 1227 1634 1276 Euche-

211 1304 327 1364 rius,
354 1304 699 1368 Aurelianensis
716 1304 986 1369 episcopus,
1011 1303 1242 1351 Karolum
1261 1304 1530 1351 Martellum
1550 1304 1634 1352 de-

211 1381 382 1440 vitans,
406 1382 456 1428 in
480 1381 789 1429 Hasbaniam¹
811 1382 943 1429 venit
973 1391 1020 1429 et
1048 1381 1179 1447 apud
1205 1381 1632 1430 Sanctum-Trudo-

212 1476 324 1507 nem
364 1476 464 1508 sese
500 1458 725 1507 occuluit.
772 1461 972 1507 Sanctus
1006 1458 1239 1521 Thomas,
1284 1460 1634 1508 Cantuariensis

210 1537 447 1602 pontifex,
474 1536 596 1600 regis
623 1536 885 1600 Anglorum
908 1535 1162 1585 adversum
1184 1553 1235 1584 se
1256 1536 1634 1600 indignationem

212 1631 312 1663 non
334 1614 421 1663 abs
443 1631 494 1662 re
519 1625 755 1675 metuens,
779 1623 952 1678 sponte
979 1625 1149 1662 contra
1169 1615 1292 1679 regis
1312 1615 1539 1663 mandata
1560 1625 1634 1662 at-

212 1708 307 1756 que
337 1702 574 1758 praecepta
608 1692 670 1741 de
706 1693 894 1756 Anglia,
935 1710 1035 1739 uno
1070 1694 1175 1740 solo
1200 1694 1374 1742 comite
1401 1694 1605 1741 sociatus
1619 1731 1630 1752 ‚

213 1770 432 1819 clanculo
454 1771 598 1818 exivit
617 1780 665 1817 et
692 1771 743 1817 in
765 1770 1014 1817 Franciam
1036 1771 1165 1817 venit
1179 1805 1191 1829 ,
1222 1769 1306 1818 ubi
1334 1786 1363 1818 a
1384 1770 1514 1818 dicto
1540 1773 1634 1817 An-

215 1848 401 1911 glorum
425 1863 535 1912 rege
562 1848 790 1913 plurimas
812 1847 1003 1895 interim
1023 1856 1123 1895 tam
1147 1848 1196 1894 in
1225 1864 1274 1894 se
1298 1863 1445 1912 quam
1466 1848 1515 1895 in
1540 1849 1636 1895 suis

213 1943 379 1992 passus
414 1925 610 1990 injurias
644 1934 691 1972 et
724 1926 1098 1990 persecutioneS‚
1134 1926 1436 1990 septennium
1461 1927 1632 1989 exegit.

214 2005 309 2062 Qui
343 1999 486 2052 etiam
522 2004 632 2051 satis
665 2003 884 2068 exemplo
922 2003 1033 2062 fuit,
1076 2019 1188 2050 cum
1225 2003 1441 2051 simulate
1477 2004 1637 2069 potius

215 2098 361 2146 quam
382 2099 439 2129 ex
463 2081 558 2128 fide
591 2090 696 2129 acta
722 2096 839 2146 pace
866 2096 951 2127 sua
975 2079 1037 2127 ad
1069 2080 1285 2145 proprias
1317 2080 1452 2128 sedes
1472 2080 1632 2141 rediit,

216 2160 382 2224 quanti
404 2159 601 2225 periculi
622 2159 681 2206 sit
708 2158 769 2205 de
789 2158 927 2206 hoste
948 2168 1090 2222 atque
1113 2158 1308 2205 inimico
1331 2159 1635 2205 reconciliato

217 2237 475 2285 confidere.
514 2239 715 2284 Sanctus
746 2252 940 2301 quoque
985 2235 1321 2295 Eadmundus,
1368 2236 1451 2300 qui
1480 2235 1637 2283 eidem

216 2313 360 2362 beato
392 2314 584 2362 Thomae
616 2313 666 2360 in
704 2313 931 2376 regimine
964 2312 1176 2376 ejusdem
1204 2312 1409 2360 ecclesiae
1437 2314 1638 2360 (33111113-

219 2392 403 2451 riensis,
429 2408 528 2438 non
548 2401 708 2439 tamen
739 2390 1010 2438 immediate
1031 2389 1280 2449 succedit’‚
1307 2389 1372 2437 ob
1398 2391 1636 2438 molestias

220 2485 324 2534 quae
355 2468 444 2516 sibi
474 2468 811 2533 ingerebantur
840 2468 1108 2530 in'Anglia,
1138 2468 1411 2516 transmisso
1441 2468 1560 2515 freto
1585 2468 1633 2515 in

221 2547 422 2596 Galliam
443 2548 590 2608 venit,
620 2546 801 2611 fugiens
822 2555 1180 2612 persecutorum
1203 2546 1413 2610 injurias,
1440 2556 1487 2594 et
1508 2545 1636 2610 apud

277 2735 316 2771 ¹.
346 2734 399 2771 Le
417 2745 511 2784 pays
529 2731 578 2770 de
595 2730 771 2783 Hesbaye
783 2760 794 2779 ,
814 2731 1033 2784 dependant
1049 2731 1098 2770 de
1115 2732 1213 2770 celui
1233 2730 1282 2770 de
1301 2731 1431 2783 Liege.

277 2796 316 2833 2.
348 2794 453 2833 Saint
471 2793 606 2841 Edme,
624 2794 867 2845 archeveque
884 2794 932 2832 de
949 2793 1187 2844 Cantorbery
1205 2806 1253 2831 en
1274 2795 1393 2832 1233.
