2060 3392
443 229 491 289 '⁶4
799 247 1140 287 HISTORIARUM
1169 246 1406 297 mnovicl
1434 248 1491 285 x1

507 337 686 385 Eadem
710 338 850 384 etiam
884 336 1028 395 hor-a,
1075 334 1460 399 archiepiscopus
1503 335 1716 397 Pisanus,
1753 335 1855 399 qui,

442 416 510 462 uti
532 414 755 475 diximus,
797 423 909 460 tunc
941 412 1186 459 Florentiae
1210 411 1373 458 aderat
1391 412 1494 475 (qui
1521 411 1581 458 de
1611 411 1787 460 familia
1813 421 1859 460 et

441 493 727 555 cognatione
750 507 917 538 eorum
937 499 1065 551 erat,
1090 490 1172 553 qui
1196 489 1481 554 principales
1512 489 1728 538 factionis
1748 505 1860 538 auc-

441 581 567 617 tores
612 568 785 631 erant),
822 568 917 614 suis
951 565 1040 615 sub
1077 566 1221 631 pallio
1260 567 1539 614 instructus¹
1562 567 1723 625 armis,
1745 583 1858 616 suo-

441 663 642 711 rumque
663 645 859 709 stipatus
904 643 1206 692 multitudine
1228 655 1544 706 armatorum,
1572 645 1635 693 ad
1652 644 1858 709 plateam

441 724 640 772 civitatis
662 723 888 784 accurrit,
920 723 1152 786 impetum
1187 722 1247 768 ad
1282 723 1510 787 palatium
1546 722 1738 769 faciens.
1764 722 1857 770 Sed

440 815 674 846 concursu
698 806 888 844 armatae
917 796 1233 847 multitudinis
1260 813 1348 844 suo
1379 796 1625 844 frustratus
1658 797 1828 844 annisu
1841 833 1852 855 ‚

441 886 604 939 captus
617 884 664 922 et
687 875 904 922 detentus
941 873 1050 935 fuit,
1081 875 1176 921 suis
1199 874 1504 940 stipatoribus
1518 875 1690 940 partim
1707 875 1852 936 caesis,

440 953 612 1017 partim
626 952 733 1015 fuga
752 951 960 1017 dilapsis.
987 952 1153 998 Statim
1164 961 1323 999 autem
1345 952 1454 1016 (nec
1473 952 1555 999 diu
1571 962 1852 1013 asservatus,

439 1047 527 1094 pro
541 1046 599 1077 eo
623 1029 754 1094 quod
770 1046 895 1076 unus
916 1045 971 1076 ex
996 1029 1411 1094 principalioribus
1429 1029 1672 1077 seditionis
1689 1039 1852 1078 auctu*-

438 1106 568 1153 ribus
587 1116 688 1153 erat
704 1143 716 1165 ,
738 1116 784 1153 et
817 1116 1024 1153 armatus
1054 1105 1376 1171 deprehensus
1412 1106 1531 1170 erat)
1552 1107 1695 1154 morti
1717 1106 1853 1171 adJu-

438 1185 637 1245 dicatus,
682 1184 856 1247 laqueo
905 1194 952 1231 et
989 1185 1245 1250 suspendio
1291 1185 1348 1232 ad
1387 1184 1642 1233 fenestram·
1671 1187 1854 1233 Domus

438 1261 641 1309 Publicae
653 1263 667 1286 ²
686 1262 1000 1324 strangulatus
1020 1262 1122 1309 fuit.

500 1343 675 1387 Tantus
697 1340 873 1405 quippe
903 1340 1076 1387 horror
1099 1341 1474 1405 omnium-paene
1502 1341 1674 1387 animis
1709 1341 1856 1402 inces-
1899 1361 1902 1363 ·

436 1428 561 1465 serat
594 1418 793 1478 civium,
835 1435 924 1483 pro
976 1429 1074 1466 tam
1113 1419 1335 1465 immanis
1371 1427 1419 1465 et
1458 1418 1669 1483 sacrilegi
1711 1434 1853 1465 ausus

436 1495 703 1553 atrocitate,
735 1496 858 1543 intra
880 1495 998 1542 illud
1035 1493 1305 1544 venerabile
1326 1495 1414 1542 Dei
1450 1495 1707 1562 templum,
1733 1494 1851 1543 dum

435 1573 530 1619 illic
553 1589 687 1620 sacra
709 1574 960 1621 missarum
980 1573 1210 1621 solemnia
1232 1582 1500 1636 agerentur,
1527 1571 1755 1637 [admissi]
1786 1572 1852 1636 (et

435 1648 565 1714 [hoc]
591 1649 833 1697 crudelem
866 1650 1058 1697 illorum
1090 1650 1554 1715 improbissimorum
1574 1649 1851 1696 sicariorum

433 1727 682 1790 perfidiam
701 1727 968 1791 adaugebat
983 1765 995 1789 ,
1028 1727 1111 1791 qui
1136 1727 1226 1775 sub
1243 1727 1543 1774 simulatione
1565 1726 1710 1773 officii
1732 1723 1851 1775 ami-

433 1805 552 1852 citiae
581 1815 629 1852 et
666 1806 1006 1869 germanitatis·
1021 1805 1127 1866 illos
1161 1805 1283 1853 duos
1322 1805 1488 1853 fratres
1528 1805 1587 1851 de
1631 1805 1847 1867 Medicis,

434 1883 553 1929 nihil
585 1883 683 1930 doli
706 1893 788 1930 aut
809 1875 1017 1948 perfidiae
1037 1883 1226 1948 penitus
1257 1883 1555 1944 meditantes,
1589 1883 1651 1930 ad
1688 1884 1851 1931 convi-

435 1960 645 2007 vandum
667 1960 796 2026 apud
818 1978 866 2008 se
886 1962 1179 2025 invitarant),
1203 1961 1336 2026 quod
1346 1963 1376 2021 ³,
1404 1970 1452 2009 et
1471 1960 1710 2024 dignitatis
1731 1977 1851 2026 pon-

435 2035 597 2098 tificis,
641 2047 688 2084 et
722 2054 966 2086 canonum
995 2048 1271 2086 sanctorum
1312 2038 1690 2085 consideratione
1724 2047 1850 2102 post-

432 2113 620 2173 habita,
659 2115 736 2162 irae
768 2125 815 2162 et
843 2111 1214 2164 abominationis
1245 2117 1477 2181 impetum
1508 2115 1717 2176 frenare,
1755 2115 1850 2163 fra-

435 2202 596 2254 grante
618 2193 777 2240 adhuc
793 2194 897 2259 ipso
916 2194 1167 2254 maleficio,
1186 2195 1382 2242 minime
1399 2204 1672 2259 potuerunt,
1695 2193 1848 2259 [quin]

434 2271 582 2330 eum‘,
607 2271 676 2317 uti
702 2271 882 2319 dictum
908 2283 1002 2334 est,
1027 2273 1220 2338 publico
1259 2272 1516 2338 suspendio
1547 2274 1844 2332 enecarent⁸3

490 2377 503 2411 1
518 2404 526 2412 .
558 2377 754 2413 Ins-tractis
771 2375 865 2414 dans
883 2377 919 2415 le
938 2391 1010 2416 ms.

488 2438 527 2476 2.
558 2437 715 2475 Palazzo
733 2439 912 2478 Veccbio.

489 2501 525 2537 3.
558 2499 589 2536 Il
608 2512 634 2549 y
653 2512 676 2537 a
694 2505 786 2550 quia
809 2501 904 2539 dans
928 2500 963 2539 le
985 2515 1056 2541 mS.
1077 2505 1176 2541 Tout
1193 2515 1238 2540 ce
1261 2502 1432 2554 chapitre
1453 2515 1476 2540 a
1499 2503 1558 2541 ete
1578 2503 1606 2541 si
1628 2503 1704 2542 mal
1724 2512 1846 2542 trans-

434 2560 524 2607 crit‚
552 2561 644 2611 qu’il
668 2561 767 2599 n'est
791 2562 957 2613 possible
983 2563 1031 2601 de
1053 2573 1253 2603 retrouver
1269 2565 1306 2602 le
1325 2577 1413 2603 sens
1436 2563 1526 2615 qu’a
1546 2565 1650 2603 force
1673 2565 1721 2603 de
1738 2565 1846 2604 resti-

434 2631 589 2661 tUUODS·

487 2687 525 2723 4.
558 2687 649 2724 Cum
669 2685 764 2724 dans
782 2687 818 2725 le
837 2701 907 2726 ms.

488 2751 525 2787 5.
557 2750 775 2786 Eme-arunt
791 2749 885 2787 dans
903 2750 939 2788 le
959 2763 1029 2805 mns.
