2060 3392
466 225 538 271 'w
842 230 1184 268 HISTORIARUM
1211 229 1449 267 mnovlci
1476 230 1532 267 xl

478 319 807 385 hujuscemodi
821 335 906 384 per
927 334 1085 381 regem
1104 317 1264 365 oblata
1286 316 1583 382 acceptandi.
1599 319 1757 376 Quam
1781 335 1892 368 cum

478 415 505 446 a
528 414 634 462 rege
658 396 1006 455 obtinuissent¹,
1032 394 1388 443 destinaverunt
1404 394 1464 442 de
1479 394 1835 444 honestioribus
1845 407 1897 453 et-

478 475 816 524 oculatioribus
837 473 1018 520 civibus
1040 473 1135 520 suis
1175 483 1358 520 certum
1379 488 1656 534 numerum,
1682 489 1891 537 quorum

477 554 718 619 potissime
740 553 789 599 in
812 550 972 599 arduis
989 549 1131 609 rebus
1153 550 1352 598 civitatis
1375 567 1468 598 suae
1493 549 1692 598 consilia
1713 567 1890 616 seque-

476 630 668 677 bantur.
697 632 845 675 Porro
869 644 1003 689 cum,
1027 636 1214 692 arrepto
1233 627 1398 674 itinere
1411 664 1423 688 ,
1458 624 1891 692 proficiscerentur,

477 724 576 755 non
596 707 762 773 procul
776 706 1003 754 acivitate
1024 722 1132 766 sua,
1157 722 1186 753 a
1204 706 1342 769 regiis
1367 704 1611 766 militibus,
1627 705 1711 770 qui
1726 705 1792 752 eis
1814 706 1888 752 in-

476 785 616 833 sidias
636 783 961 845 tetenderant,
980 783 1105 849 capti
1131 783 1320 830 fuerunt
1341 792 1388 830 et
1409 782 1471 830 ad
1483 799 1643 846 regem
1667 783 1893 843 adducti,

474 862 555 925 qui
580 861 708 926 apud
721 859 955 908 Hesdae'nch
966 860 1200 926 oppidum
1218 870 1333 907 tunc
1354 859 1562 923 agebat¹.
1585 859 1675 907 Ubi
1693 877 1792 908 non
1804 850 1888 910 diu

474 940 718 1001 asservati,
756 955 866 986 cum
889 939 948 987 de
969 939 1167 986 crimine
1188 938 1471 1004 proditionis
1503 948 1551 985 et
1583 938 1700 986 laesae
1725 938 1890 1002 majes-

473 1018 578 1065 tatis
610 1018 659 1065 in
696 1033 855 1081 regem
894 1017 1151 1064 insimulati
1186 1015 1402 1077 fuissent,
1440 1026 1511 1075 et,
1547 1025 1599 1062 ut
1630 1015 1884 1076 ferebatur,

471 1095 678 1159 legitime
713 1095 939 1154 convicti,
969 1094 1087 1141 nihil
1127 1095 1194 1141 eis
1225 1094 1591 1158 suffragantibus
1630 1095 1804 1146 litteris¹
1826 1095 1888 1143 de

471 1174 601 1222 salvo
623 1173 884 1233 conductu,
911 1188 1029 1237 quas
1051 1189 1079 1220 a
1100 1189 1207 1236 rege
1231 1172 1554 1234 obtinuerant,
1571 1189 1740 1220 omnes
1761 1173 1889 1238 capi-

471 1252 551 1301 tali
573 1253 802 1300 sententia
824 1251 1037 1299 damnati
1059 1261 1171 1298 sunt
1207 1261 1255 1298 et
1286 1251 1440 1316 eapite
1462 1250 1603 1316 plexi.
1635 1253 1802 1311 Erant,
1836 1260 1888 1299 ut

470 1331 661 1379 aiebant
675 1368 687 1392 ,
714 1346 916 1378 numero
939 1329 1105 1394 viginti
1125 1329 1224 1377 duo
1236 1331 1266 1376 ⁸.

535 1411 643 1456 Haee
668 1419 827 1456 autem
849 1408 1085 1455 exsecutio
1104 1424 1215 1455 cum
1237 1409 1320 1470 eis,
1347 1408 1430 1472 qui
1453 1406 1672 1456 Gandavi
1693 1423 1888 1472 congre-

470 1488 563 1551 gati
585 1497 746 1549 erant,
771 1486 1078 1548 innotuisset,
1106 1486 1145 1533 si
1168 1495 1308 1533 antea
1332 1486 1586 1550 pessimam
1618 1485 1886 1533 aestimatio-

470 1581 579 1611 nem
601 1564 662 1611 de
702 1563 797 1611 fide
821 1573 869 1611 et
890 1562 1287 1628 promissionibus
1320 1563 1441 1626 regis
1463 1562 1758 1621 habuerant,
1786 1579 1884 1610 non

468 1657 573 1690 eam
592 1641 788 1702 minuit,
810 1640 892 1688 sed
913 1640 1174 1705 plurimum
1195 1639 1402 1688 adauxit.

523 1806 559 1844 1.
582 1805 635 1841 La
649 1801 801 1841 version
815 1802 862 1840 de
875 1802 964 1840 dom
978 1801 1125 1842 Gerard
1138 1799 1284 1839 Robert
1297 1808 1353 1838 est
1372 1808 1477 1837 toute
1489 1799 1708 1837 differente:
1724 1814 1742 1832 ι
1754 1797 1886 1836 Iceulx

466 1865 754 1904 ambassadeurs
774 1878 815 1903 se
833 1866 1057 1903 trouverent
1074 1864 1210 1902 davers
1230 1863 1266 1902 le
1286 1877 1371 1914 roy,
1393 1869 1650 1900 remonstrant
1673 1873 1823 1899 comme
1839 1860 1886 1900 ilz

466 1928 626 1967 estoient
650 1928 837 1980 depputez
858 1927 905 1966 de
934 1941 1004 1979 par
1029 1928 1066 1966 la
1085 1927 1175 1965 ville
1194 1934 1232 1964 et
1249 1939 1290 1964 se
1309 1925 1457 1963 c'estoit
1475 1937 1545 1962 son
1562 1923 1642 1962 bon
1660 1922 1792 1975 plaisir
1810 1935 1886 1973 que

464 1992 511 2030 ilz
538 1990 692 2029 feissent
718 1990 811 2029 ledit
839 1991 988 2043 voiage.
1024 1993 1078 2029 Le
1106 2002 1177 2041 roy
1207 1989 1292 2027 leur
1319 1987 1517 2040 respondit
1540 2001 1549 2024 ε
1584 2003 1603 2022 α
1620 1988 1724 2024 Vous
1751 1985 1885 2023 scaves

469 2072 485 2088 «ι
507 2054 596 2092 bien
624 2067 700 2104 que
723 2066 819 2091 vous
842 2067 934 2091 avez
955 2055 977 2091 a
1003 2053 1109 2091 faire.
1136 2055 1182 2090 Je
1207 2064 1269 2090 me
1293 2064 1340 2090 en
1365 2059 1480 2102 ateng
1497 2051 1519 2087 a
1540 2062 1650 2087 vous.
1670 2065 1689 2083 ι
1710 2051 1758 2086 Et
1779 2055 1884 2086 atant

463 2116 509 2154 ils
527 2130 567 2155 se
587 2116 786 2168 partirent.
803 2133 821 2150 n
842 2119 888 2154 L.
913 2128 968 2163 e.‚
985 2129 1025 2167 p.
1049 2117 1100 2153 15
1118 2116 1184 2163 (18
1203 2114 1299 2152 avril
1321 2115 1454 2161 1477).

516 2181 556 2220 2.
587 2180 638 2218 lls
664 2179 792 2218 furent
819 2192 866 2217 en
893 2179 983 2217 effet
1007 2178 1184 2216 conduits
1208 2179 1229 2215 a
1250 2176 1419 2223 Hesdin3
1449 2175 1543 2213 mais
1567 2175 1603 2212 le
1626 2173 1684 2211 roi
1707 2173 1774 2223 n’y
1793 2171 1882 2210 etait

464 2257 546 2296 pas.
565 2243 596 2281 Il
615 2243 682 2294 n'y
700 2242 802 2281 avait
821 2255 896 2293 que
914 2242 950 2280 le
964 2241 1106 2280 conseil
1125 2241 1176 2278 du
1193 2240 1264 2279 roi.

518 2310 555 2346 3.
587 2306 696 2345 Recit
713 2305 866 2344 inexact
885 2321 894 2342 ε
920 2321 939 2340 α
952 2305 1051 2342 Eulx
1069 2304 1214 2342 arrives
1232 2303 1338 2341 audit
1360 2301 1520 2348 Hesdin,
1544 2301 1672 2339 surent
1694 2299 1814 2351 logies
1832 2312 1880 2337 en

463 2383 540 2409 une
552 2369 783 2415 hostellerie‚
796 2368 848 2406 du
869 2368 960 2417 soir,
981 2376 1018 2405 et
1034 2367 1256 2405 trouv-erent
1272 2378 1350 2404 une
1368 2363 1549 2403 chambre
1559 2363 1649 2402 bien
1666 2362 1879 2407 amasti-ee,

462 2432 564 2471 table
592 2431 686 2470 mise
708 2439 746 2469 et
771 2430 837 2468 des
861 2429 970 2468 biens
998 2430 1228 2481 largement3
1249 2437 1286 2466 et
1308 2428 1391 2466 leur
1409 2427 1470 2464 fist
1488 2439 1539 2464 on
1563 2425 1708 2477 grande
1735 2424 1878 2463 obiere.

463 2497 519 2533 En
539 2501 751 2546 souppant‚
776 2505 847 2545 par
869 2505 922 2530 un
944 2491 1107 2530 huissier
1131 2491 1295 2529 d'armes
1319 2503 1370 2528 on
1397 2500 1548 2539 envoya
1574 2486 1704 2538 querir
1724 2487 1761 2525 le
1781 2486 1887 2525 chief

463 2558 510 2596 de
536 2555 803 2603 l’ambassade,
823 2555 978 2594 nomme
999 2555 1154 2594 maistre
1172 2551 1445 2599 Clarembaust,
1469 2550 1633 2589 advocat
1657 2558 1695 2588 et
1716 2549 1883 2588 conseil-.

461 2620 532 2666 ler,
559 2632 659 2671 pour
681 2618 809 2670 parler
829 2630 879 2655 au
900 2617 1099 2656 sancellier
1120 2617 1186 2668 qui
1210 2615 1322 2654 estoit
1347 2614 1463 2666 logiet
1488 2625 1594 2651 assez
1620 2612 1709 2664 pres
1728 2610 1880 2650 d'iceux

460 2679 765 2720 ambassadeurs.
783 2679 1028 2718 Inoonn'nent
1045 2679 1097 2718 lui
1117 2692 1220 2718 venu
1238 2678 1380 2716 devant
1390 2675 1483 2714 ledit
1500 2674 1712 2721 sancellier‚
1733 2674 1787 2721 lui
1805 2673 1880 2713 dist

461 2758 536 2797 que
563 2744 589 2782 il
618 2757 657 2782 se
685 2743 876 2795 disposat‚
906 2751 944 2781 et
971 2756 1046 2794 que
1069 2742 1094 2782 il
1119 2742 1173 2781 lui
1202 2739 1350 2780 faulloit
1375 2738 1508 2786 mox-ir,
1537 2747 1577 2777 et
1602 2750 1678 2790 que
1695 2738 1732 2777 le
1751 2749 1821 2788 roy
1841 2737 1878 2776 le
