2060 3392
476 274 552 312 100
839 272 1180 311 HISTORIARUM
1206 270 1440 310 LUDOVICI
1467 271 1525 308 xl

476 362 619 409 etiam
634 360 828 408 abducti
845 359 1035 424 captivi.
1053 359 1234 420 Caeteri,
1262 357 1373 422 fuga
1391 357 1554 422 elapsi,
1574 373 1686 404 cum
1709 356 1889 420 ingenti

477 454 653 504 pavore
676 438 800 484 intra
823 435 1000 483 moenia
1027 451 1112 483 sua
1135 452 1185 483 se
1209 436 1534 500 receperunt¹.

542 518 757 573 Quantus
779 523 936 561 autem
963 513 1133 575 luctus,
1159 529 1264 577 quae
1284 513 1493 560 lamenta
1514 511 1564 558 in
1595 508 1782 558 civitate
1804 525 1890 558 au-

478 592 575 640 dita
608 602 718 639 sunt
745 590 1071 656 plangentium
1105 586 1280 639 liberos
1311 600 1589 655 parentum,
1632 587 1892 636 liberorum

477 677 695 732 parentes
708 705 720 729 ,
746 667 943 713 fratrum
965 666 1146 729 fratres,
1181 683 1384 715 uxorum
1414 666 1610 714 maritos
1623 702 1637 727 ,
1669 681 1892 713 carorum

477 746 671 793 affectus
695 762 806 792 suos
826 745 875 791 in
900 761 958 792 eo
981 745 1151 810 proelio
1172 761 1340 807 caesos,
1376 747 1454 792 vix
1483 743 1770 792 sufficienter
1791 742 1891 790 ullo

476 832 695 871 sermone
713 822 887 886 aequari
911 831 1084 888 posset.
1110 826 1220 871 Erat
1241 821 1454 888 profecto

594 954 746 998 Luctus
770 954 944 1013 ubique,
970 970 1101 1014 pavor
1124 965 1166 998 et
1186 953 1367 1015 plurima
1387 954 1536 997 mortis
1555 953 1713 1013 imago,
1766 1006 1769 1009 Α

543 1084 652 1128 Haec
673 1080 864 1128 fuerunt
895 1081 1047 1128 felicia
1079 1081 1287 1146 auspicia
1325 1082 1594 1129 futurorum
1623 1080 1892 1142 honorum,

477 1174 581 1221 quae
597 1158 663 1206 eis
681 1174 793 1205 suus
806 1174 960 1205 novus
978 1157 1241 1218 ruwardus,
1259 1174 1403 1222 quem
1420 1168 1668 1224 tantopere
1681 1167 1895 1221 regentes

478 1235 714 1282 civitatem
738 1235 1050 1300 expetierant,
1075 1236 1280 1296 invexit3
1308 1235 1387 1282 hic
1414 1236 1592 1282 fructus
1613 1235 1893 1301 applausus,

478 1327 623 1374 quem
639 1311 730 1358 sibi
750 1312 1028 1375 ignorantiae
1048 1322 1190 1376 atque
1208 1313 1351 1359 etiam
1372 1313 1560 1359 malitiae
1581 1311 1788 1360 tenebris
1812 1311 1900 1359 ob-

477 1388 620 1436 ducta
640 1389 775 1453 plebs
793 1389 1027 1452 invalida,
1055 1391 1150 1437 suis
1175 1401 1417 1438 assentans
1438 1390 1719 1452 rectoribus,
1742 1390 1900 1438 eidem

478 1467 699 1515 ruwardo
729 1467 1032 1530 adventanti,
1069 1469 1210 1515 tertio
1245 1479 1354 1516 ante
1387 1469 1465 1516 die
1480 1506 1492 1527 ,
1530 1469 1704 1516 fecerat
1733 1485 1789 1516 ac
1825 1485 1901 1516 ce-

478 1544 708 1606 lebrarat;
749 1546 850 1593 haec
885 1562 1122 1611 oppressae
1139 1582 1151 1605 ,
1195 1547 1263 1593 uti
1298 1546 1578 1610 jactitabant
1593 1563 1619 1607 ,·
1641 1563 1727 1612 per
1761 1563 1901 1594 suum

479 1623 756 1688 pontificem
782 1640 875 1670 suae
898 1624 1133 1671 restitutio
1156 1623 1400 1671 libertatis.

547 1701 688 1758 Quod
727 1701 765 1747 si
793 1700 951 1748 hostes
972 1701 1210 1748 civitatem
1225 1739 1237 1763 ,
1268 1702 1360 1750 hac
1383 1701 1519 1749 clade
1541 1710 1785 1765 suscepta,
1801 1710 1900 1748 *sta-

482 1780 567 1825 tim
591 1778 782 1842 aggredi
810 1787 857 1825 et
893 1794 1165 1843 expugnare
1194 1789 1454 1827 tentassent
1471 1817 1483 1839 ,
1519 1779 1629 1826 satis
1652 1778 1904 1826 verisimile

482 1866 552 1904 est
572 1855 703 1920 quod
726 1856 776 1902 in
801 1872 858 1903 ea
884 1857 1203 1921 expugnanda
1219 1894 1232 1918 ,
1257 1858 1323 1904 sic
1343 1867 1398 1904 ut
1426 1867 1527 1904 erat
1548 1866 1662 1903 tunc
1683 1855 1904 1903 exterrita

484 1944 531 1980 et
556 1934 685 1980 velut
718 1934 966 1996 exsanguis
990 1934 1183 1995 effecta,
1222 1935 1535 1982 resistentiam
1559 1934 1669 1981 satis
1699 1932 1905 1981 debilem

486 2011 788 2058 invenissent.
816 2011 910 2058 Sed
945 2011 1271 2060 misericordia
1303 2013 1390 2058 Dei
1427 2011 1710 2075 benigniora
1743 2011 1903 2076 provi-

487 2088 646 2148 dente,
670 2086 732 2134 ab
755 2087 837 2134 illo
858 2097 973 2135 tunc
995 2089 1208 2153 periculo
1230 2089 1508 2136 imminente
1530 2089 1692 2136 civitas
1714 2104 1906 2153 praeser-

488 2177 595 2214 vata
612 2166 798 2213 exstitit.
823 2169 930 2213 Non
946 2167 1075 2214 enim
1097 2168 1198 2216 vult
1218 2170 1368 2224 Deus,
1392 2177 1445 2214 ut
1464 2176 1653 2214 sanctus
1671 2165 1906 2232 propheta

488 2245 640 2307 canit,
666 2255 870 2292 mortem
894 2246 1181 2310 peccatoris;
1219 2246 1301 2293 sed
1336 2246 1484 2309 magis
1514 2254 1568 2292 ut
1601 2254 1906 2293 convertatur

490 2331 536 2368 et
555 2331 698 2369 vivat.

561 2401 702 2446 Erant
728 2393 872 2446 etiam
902 2399 950 2445 in
980 2400 1166 2447 civitate
1198 2400 1506 2465 quamplures
1533 2399 1622 2446 viri
1657 2398 1817 2446 devoti
1851 2413 1908 2445 ac

491 2475 720 2540 religiosi,
749 2475 923 2540 quibus
948 2476 1132 2524 molitio
1155 2493 1350 2524 suorum
1374 2477 1639 2542 regentium
1657 2475 1909 2524 vehemen-

543 2654 582 2690 1.
613 2653 667 2689 Le
696 2650 956 2702 chroniqueur
973 2649 1187 2688 hollandais
1211 2649 1342 2701 public
1361 2663 1431 2702 par
1448 2648 1669 2698 Matthaeus,
1688 2646 1907 2687 conforme-

492 2722 596 2751 ment
624 2727 645 2751 a
670 2726 714 2752 ce
742 2716 860 2765 qu'on
881 2714 987 2751 vient
1016 2712 1064 2750 de
1090 2713 1160 2750 lire
1193 2711 1287 2751 dans
1314 2712 1350 2751 le
1377 2721 1478 2750 texte
1504 2711 1552 2749 de
1578 2711 1743 2750 Thomas
1772 2709 1906 2782 Rasin,

491 2777 597 2828 place
615 2784 714 2814 cette
732 2775 870 2814 defaite
888 2788 938 2813 au
957 2777 1009 2814 26
1031 2774 1234 2813 decembre
1254 2777 1371 2814 1481.

539 2904 557 2925 t
