2060 3392
481 329 558 366 262
1047 324 1295 362 APOLOGIA
1303 348 1314 370 ,

482 425 641 466 mento
673 432 849 479 regem,
883 429 993 462 cum
1038 412 1100 460 ab
1146 429 1204 460 eo
1242 413 1476 478 acciperet
1520 413 1760 463 licendum
1797 412 1899 479 [ab-

480 493 662 560 eundi],
688 494 890 541 Parisius
917 491 1007 539 sibi
1043 491 1141 539 haec
1174 491 1319 541 verba
1349 491 1519 539 dixisse
1546 509 1556 539 :
1585 510 1608 537 κ
1636 495 1704 542 Ite
1722 508 1809 540 vos
1834 491 1898 541 ad

481 573 652 621 domos
671 580 848 619 vestras
870 571 919 616 in
952 570 1318 629 Normanniam3
1347 570 1540 635 recipite
1569 569 1760 618 fratrem
1785 586 1895 618 nos·

479 648 607 699 trum
640 650 689 696 in
721 638 893 697 ducem
921 658 968 696 et
993 648 1060 710 ei,
1098 658 1327 712 tanquam
1357 647 1562 714 principi
1591 657 1733 713 atque
1754 646 1895 716 duci,

481 728 681 775 fideliter
701 727 874 774 servire
896 735 944 773 et
964 741 1128 791 parere
1150 725 1349 774 studete.
1383 743 1407 770 n

544 809 685 853 Facta
707 820 822 851 vero
846 804 991 869 ipsius
1014 804 1213 853 civitatis
1237 803 1507 865 deditione,
1534 803 1676 852 nullis
1700 802 1795 853 illie
1815 804 1902 851 mi-

479 882 694 930 litaribus
714 882 864 947 copiis
886 882 1116 947 receptis,
1147 882 1380 930 exercitus
1401 881 1463 929 ad
1487 891 1636 929 terras
1665 879 1901 931 inferioris

480 961 782 1008 Normanniae
794 959 1072 1020 declinavit;
1095 969 1161 1021 et,
1180 959 1314 1025 quod
1334 959 1526 1007 infitiari
1541 970 1642 1010 non
1659 958 1899 1022 volumus,

482 1040 700 1105 exemplo
724 1049 866 1103 atque
885 1038 1149 1086 imitatione
1170 1038 1335 1099 nostri,
1370 1037 1529 1104 plures
1548 1036 1649 1085 aliae
1668 1036 1898 1098 civitates,

482 1117 662 1186 oppida
684 1127 731 1164 et
748 1117 937 1165 castella
957 1117 1215 1182 provinciae
1232 1117 1377 1165 etiam
1395 1116 1458 1164 ad
1482 1103 1751 1182 parendum
1772 1130 1902 1163 novo

481 1195 593 1243 duci
625 1205 889 1261 spontanee
906 1211 1006 1244 sese
1030 1194 1282 1244 dederunt.
1312 1197 1433 1243 Nam
1464 1204 1512 1242 et
1531 1192 1758 1243 mandata
1775 1193 1904 1257 regia

482 1275 640 1322 statim
672 1291 758 1339 per
794 1284 943 1323 totam
975 1274 1274 1340 provinciam
1314 1261 1652 1332 cucurrerunt,
1694 1281 1743 1320 et
1783 1286 1904 1319 voce

481 1353 720 1416 praeconia
751 1351 931 1415 ubique
953 1352 1229 1400 solemniter
1260 1350 1504 1418 publicata
1525 1357 1669 1413 atque
1690 1349 1905 1398 intimata

482 1431 670 1478 fuerunt
685 1466 696 1490 ‚
712 1430 908 1494 ‘quibus
932 1448 1011 1478 rex
1037 1430 1307 1478 insinuabat
1331 1447 1389 1477 ex
1410 1439 1553 1495 pacto
1577 1427 1752 1476 foedere
1774 1427 1904 1475 dieto

483 1521 572 1557 suo
614 1524 842 1571 germano
889 1524 979 1573 pro
1017 1507 1327 1555 successionis
1359 1513 1568 1572 paternae
1610 1503 1905 1553 hoereditaria

483 1587 706 1651 portione
736 1585 964 1632 ducatum
990 1585 1292 1633 Normanniae
1324 1583 1511 1632 dedisse
1546 1592 1592 1631 et
1627 1583 1901 1646 assignasse,

484 1663 719 1731 mand-ans
752 1661 979 1710 omnibus
1011 1662 1280 1724 civitatum,
1317 1660 1611 1727 oppidorum
1647 1670 1789 1725 atque
1832 1676 1906 1709 ar·

484 1742 612 1789 cium
634 1739 912 1788 custodibus
938 1757 1023 1787 seu
1052 1740 1310 1805 capitaneis
1331 1749 1567 1804 quatenus
1597 1737 1789 1786 easdem
1814 1739 1905 1786 sibi

484 1819 559 1866 vel
589 1835 617 1865 a
645 1835 695 1866 se
727 1817 991 1865 commissis
1026 1815 1199 1865 liberas
1229 1814 1411 1881 absque
1451 1815 1549 1864 ulla
1586 1815 1907 1864 remoratione

485 1897 708 1945 cederent
727 1905 774 1943 et
802 1893 1163 1954 contraderent3
1189 1893 1415 1942 omnibus
1437 1893 1581 1941 etiam
1601 1893 1908 1942 ecclesiarum

486 1975 710 2039 praelatis,
761 1972 1043 2032 comitibus,
1087 1971 1377 2033 baronibus,
1430 1970 1674 2019 nobilibus
1717 1980 1765 2018 et
1805 1971 1909 2034 qui-

486 2052 785 2116 buscumqne
821 2051 984 2116 patriae
1014 2050 1213 2111 accolis,
1249 2049 1591 2114 cujuscumque
1631 2057 1803 2109 status,
1840 2048 1907 2096 di·

486 2130 672 2193 gnitatis
708 2139 791 2177 aut
826 2128 1114 2176 conditionis
1149 2127 1448 2188 exsisterent,
1474 2134 1709 2190 quatenus
1739 2136 1907 2173 omnes

486 2217 533 2254 et
565 2207 737 2270 singuli
764 2206 922 2254 eidem
945 2222 1033 2253 suo
1057 2215 1310 2269 germanO,
1335 2210 1567 2268 tanquam
1589 2219 1677 2250 suo
1701 2202 1906 2268 principi

487 2302 542 2332 ae
579 2285 688 2332 duci
721 2284 960 2347 legitimo,
1001 2292 1223 2348 parerent
1237 2318 1249 2342 ,
1293 2291 1436 2347 atque
1466 2281 1736 2345 juramenta
1759 2279 1910 2328 fideli·

487 2363 593 2409 tatis
614 2372 660 2409 et
685 2361 946 2424 hommagii
981 2360 1137 2408 eidem
1165 2359 1317 2410 facere
1338 2368 1386 2408 et
1406 2368 1627 2424 praestare
1653 2367 1902 2420 curarent,

487 2440 615 2504 ipsos
644 2454 810 2485 omnes
839 2449 887 2485 et
913 2438 1123 2500 singulos
1145 2437 1208 2485 ab
1231 2435 1563 2500 hujuscemodi
1597 2435 1902 2500 juramentis,

488 2530 592 2578 quae
633 2513 722 2560 sibi
753 2524 949 2578 perante
993 2513 1224 2573 fecerant,
1258 2513 1446 2578 penitus
1487 2510 1800 2559 absolvendo.
1850 2513 1907 2557 Et

488 2591 763 2654 hujusmodi
793 2590 986 2654 quidem
1010 2589 1246 2636 mandatis
1267 2588 1467 2636 libentes
1489 2597 1630 2651 atque
1655 2587 1906 2653 spontanei

487 2676 654 2715 omnes
689 2668 834 2714 ferme
865 2666 1180 2732 provinciales
1213 2679 1269 2714 ac
1302 2663 1638 2730 gratulabundi
1671 2654 1905 2728 obseque-

487 2746 685 2808 bantur,
710 2745 913 2810 demptis
936 2745 1101 2811 paucis
1131 2743 1472 2792 nonnullarum
1499 2744 1680 2791 arcium
1700 2734 1908 2790 custodi-

487 2823 577 2871 bus
607 2834 654 2871 et
685 2816 922 2888 aliquibus
952 2822 1384 2870 administrationes
1413 2821 1682 2869 officiorum
1713 2821 1761 2867 in
1790 2835 1904 2886 pro-
