2060 3392
678 285 827 322 LIBER
854 283 1054 322 PRIMUS.
1497 287 1576 323 293

153 384 203 424 et
221 373 541 423 laborantium
566 371 779 420 febribus
817 372 955 419 simul
998 389 1097 419 uno
1134 382 1349 437 tempore
1378 373 1578 420 inveniri

161 446 430 518 Perpiniani
478 450 768 516 potuissent,
812 466 838 496 e
883 448 1058 512 quibus
1115 466 1258 514 supra
1297 450 1582 514 quingentos

156 529 356 580 morbus
373 529 611 581 exstinxit.
639 530 736 576 Nos
757 528 927 589 etiam,
950 528 1086 589 licet,
1112 528 1276 576 divina
1309 543 1398 575 nos
1421 537 1581 593 prote-

157 617 297 673 gente
320 605 572 655 clementia
589 643 603 668 ,
636 605 700 654 ad
729 603 919 652 febriles
948 622 1100 670 usque
1127 605 1326 651 minime
1352 620 1583 670 pervene-

157 685 306 734 rimus
325 694 462 733 aestus
475 721 490 745 ,
513 700 636 748 saepe
657 692 819 731 tamen
841 681 908 730 ob
926 682 1279 730 vehementiam
1301 692 1350 729 et
1370 699 1584 747 perseve-

157 763 360 812 rantiam
376 761 591 810 calorum
604 760 788 808 alterati
806 770 856 809 et
870 759 1131 824 disgratiati
1142 759 1335 819 fuimus,
1354 761 1587 825 patientes

158 840 428 906 frequenter
459 855 685 903 magnam
719 837 1037 886 defectionem
1074 837 1309 885 stomachi
1330 848 1378 885 et
1398 838 1584 886 virtutis

158 917 417 982 digestivae,
454 926 623 964 contra
656 932 804 980 quam
830 915 1123 981 quotidianis
1159 931 1295 980 paene
1329 915 1589 963 medicina·

157 994 284 1043 libus
327 994 556 1043 antidotis
607 993 750 1042 nobis
787 1010 1004 1059 pugnare
1046 993 1298 1040 necessitas
1341 1002 1456 1040 erat.
1514 996 1586 1040 De

158 1073 332 1121 nostris
360 1089 476 1120 vero
513 1071 826 1120 familiaribus
851 1072 1011 1118 nullus
1042 1071 1190 1118 ferme
1219 1070 1308 1116 fuit
1339 1079 1587 1136 exemptus

159 1151 277 1216 quin
299 1160 382 1198 aut
405 1149 616 1204 febribus
629 1186 642 1208 ,
668 1160 751 1197 aut
778 1150 873 1197 alio
903 1150 1034 1212 gravi
1063 1148 1239 1196 morbo
1260 1148 1516 1197 laboraret.

618 1349 961 1396 CAPITULUM
995 1350 1118 1394 Xlll.

373 1476 426 1510 ne
440 1475 578 1510 licentia
593 1473 768 1510 redeundi
784 1486 806 1509 a
820 1486 903 1521 rege
916 1473 1027 1521 petita
1042 1480 1078 1508 et
1092 1473 1139 1508 ab
1154 1485 1198 1508 eo
1217 1472 1372 1508 obtenta.

227 1585 373 1649 lgitur
386 1601 499 1632 cum
511 1594 610 1632 tam
627 1583 951 1649 periculosum
969 1581 1066 1629 illic
1083 1582 1270 1629 aestivos
1282 1581 1490 1647 perferre
1509 1598 1589 1630 ca-

162 1663 288 1711 lores
310 1663 490 1728 experti
511 1661 778 1721 fuissemus,
795 1661 1078 1726 priusquam
1094 1675 1285 1707 necesse
1301 1659 1590 1708 haberemus

162 1742 423 1791 secundam
452 1743 549 1790 illic
576 1742 786 1808 opperiri
808 1751 857 1789 et
876 1750 1149 1806 exspectare
1178 1749 1388 1787 aestatem
1403 1775 1416 1799 ,
1459 1756 1593 1788 cura-

163 1822 319 1869 vimus
351 1831 400 1868 et
430 1822 542 1868 totis
570 1820 751 1868 viribus
781 1821 937 1867 annisi
967 1819 1144 1866 fuimus
1173 1819 1371 1882 gratiam
1391 1819 1535 1866 talem
1563 1836 1592 1867 a

163 1915 275 1963 rege
300 1899 582 1964 impetrare,
612 1907 667 1944 ut
688 1897 957 1945 revertendi
979 1897 1031 1944 in
1054 1897 1306 1944 Franciam
1343 1895 1486 1944 nobis
1522 1896 1591 1944 fa·

165 1977 316 2025 cultas
347 1977 713 2042 permitteretur.
756 1976 814 2022 Et
846 1992 936 2041 pro
968 1990 1025 2021 ea
1056 1974 1253 2038 quidem
1288 1974 1439 2037 gratia
1475 1990 1598 2022 asse-

165 2054 358 2121 quenda
374 2092 387 2116 ,
412 2055 572 2120 plures
590 2054 939 2119 deprecatorias
969 2053 1191 2118 epistolas
1212 2051 1303 2099 sibi
1327 2069 1439 2099 cum
1460 2054 1594 2100 omni

79 2170 84 2176 .
166 2132 434 2180 humilitate
456 2132 754 2197 scripsimus,
776 2130 951 2194 quibus
970 2130 1252 2195 hujusmodi
1275 2146 1302 2176 a
1325 2146 1374 2176 se
1398 2131 1596 2193 gratiam

169 2211 308 2260 nobis
341 2211 512 2259 donari
547 2210 852 2276 petebamus,
879 2210 940 2257 de
959 2210 1191 2275 pensione
1208 2248 1221 2271 ,
1259 2210 1333 2256 vel
1367 2225 1457 2274 pro
1479 2226 1598 2274 prae-

169 2290 307 2338 terito
327 2290 429 2354 jam
453 2299 670 2355 tempore
695 2305 795 2353 quo
819 2288 910 2336 sibi
929 2289 1026 2336 illic
1045 2289 1358 2337 servieramus
1372 2325 1385 2350 ,
1416 2288 1492 2335 vel
1508 2305 1598 2354 pro

171 2367 328 2415 futuro
355 2405 368 2429 ,
411 2367 593 2415 nullam
636 2383 831 2432 prorsus
889 2366 1112 2414 facientes
1162 2366 1476 2413 mentionem.
1527 2368 1599 2412 De

172 2444 340 2492 eadem
373 2461 425 2490 re
468 2445 613 2492 etiam
649 2444 826 2509 pariter
860 2443 1037 2509 pluries
1073 2443 1346 2508 scripsimus
1377 2442 1440 2490 ad
1469 2458 1600 2489 reve-

173 2521 376 2570 rendum
407 2522 459 2568 in
485 2522 674 2569 Christo
701 2531 887 2587 patrem
916 2521 1171 2569 dominum
1204 2522 1483 2587 episcopum
1511 2519 1599 2566 Ab·

174 2599 440 2646 rincensem
457 2602 497 2659 ¹3
526 2599 660 2663 cujus
683 2600 969 2647 interventio
991 2600 1121 2666 apud
1144 2616 1304 2664 regem
1318 2638 1331 2661 ,
1358 2600 1491 2663 cujus
1516 2615 1599 2646 au-

232 2738 270 2775 1.
301 2739 396 2774 Jean
422 2736 595 2775 Bochard
609 2765 621 2783 ,
644 2750 721 2788 que
747 2738 911 2776 l'auteur
932 2738 1082 2789 appelle
1107 2739 1290 2775 Baucarcl
1306 2737 1401 2775 dans
1426 2749 1494 2773 son
1513 2735 1601 2773 His-

177 2798 273 2835 toire
290 2797 343 2835 du
361 2797 480 2848 regne
499 2797 548 2835 de
568 2798 684 2835 Louis
701 2799 773 2845 XI,
794 2807 822 2837 t.
843 2801 896 2844 11,
914 2812 955 2849 p.
978 2801 1044 2836 35.
