2060 3392
676 309 823 345 LIBER
848 308 1118 346 SECUNDUS.
1539 309 1614 345 377

653 523 994 570 CAPITULUM
1034 524 1156 569 vlu.

356 658 410 692 De
425 656 555 704 iniquis
570 656 800 692 Normanniae
814 655 1135 692 consuetudinibus
1148 655 1266 702 aliqua
1284 655 1457 702 exempla.

262 789 481 851 Longum
499 798 619 836 esset
644 788 784 836 nimis
813 796 862 835 et
881 797 1012 836 extra
1033 787 1239 852 suscepti
1262 787 1419 852 operis
1441 803 1621 853 propo-

196 864 356 927 situm,
390 866 430 913 si
462 866 650 930 iniquas
681 876 728 913 et
761 866 989 931 pessimas
1010 864 1394 921 consuetudineS,
1420 865 1519 911 imo
1543 881 1622 913 ve-

195 939 294 1005 rius
327 939 636 1005 corruptelas,
664 956 782 1003 quas
803 940 1083 1003 rigidissime
1112 948 1255 1003 atque
1283 938 1623 986 studiosissime

196 1014 360 1066 tenent
387 1027 436 1066 et
465 1018 744 1079 observant,
770 1034 940 1065 omnes
966 1034 1084 1082 quas
1114 1018 1204 1083 ipsi
1226 1018 1448 1064 novimus
1479 1026 1622 1081 atque

195 1096 375 1164 experti
420 1112 601 1156 sumus,
643 1095 816 1144 referre
857 1096 1100 1143 vellemus.
1140 1097 1256 1152 Quae
1297 1111 1372 1142 res
1406 1093 1623 1159 profecto

196 1173 402 1238 propriae
423 1172 646 1220 editionis
662 1189 784 1238 opus
798 1183 847 1220 et
867 1172 1133 1238 pergrande
1154 1172 1382 1220 volumen
1398 1189 1624 1238 exposce-

197 1259 286 1297 ret.
312 1251 574 1298 Nonnullas
595 1260 754 1297 tamen
777 1251 980 1316 exempli
1004 1250 1170 1314 gratia,
1193 1266 1299 1314 quae
1323 1267 1492 1297 eorum
1513 1250 1625 1298 fidei

199 1343 304 1391 quae
325 1327 531 1374 diximus
551 1327 917 1393 adstipulentur‚
944 1345 1045 1376 non
1067 1329 1493 1393 praetermittendas
1510 1330 1627 1377 exis-

198 1405 486 1454 timavimus.

265 1486 422 1531 Unam
456 1483 712 1533 observant
748 1485 1093 1548 iniquissimam
1125 1483 1526 1531 consuetudinem
1540 1519 1552 1543 ,
1581 1495 1629 1532 et

199 1576 304 1624 quae
322 1577 457 1626 paene
478 1561 582 1608 lites
604 1578 772 1609 omnes
796 1572 879 1609 aut
899 1562 1068 1625 longas
1096 1571 1179 1609 aut
1202 1561 1495 1609 immortales
1519 1563 1626 1609 red-

198 1635 286 1697 dit,
303 1637 456 1702 quod,
481 1638 563 1686 lite
584 1638 634 1685 in
650 1654 954 1702 quacumque
973 1654 1116 1686 causa
1132 1638 1210 1685 vel
1225 1637 1426 1686 minima
1443 1647 1630 1687 contes-

198 1714 319 1774 tan-1,
352 1715 511 1762 nullus
531 1716 847 1780 litigatorum,
883 1715 1189 1778 quantumvis
1218 1714 1279 1762 de
1307 1730 1395 1761 suo
1425 1723 1629 1762 tantum-

200 1792 350 1840 modo
371 1793 595 1840 interesse
623 1794 810 1858 privato
831 1803 1013 1856 agatur,
1048 1792 1245 1857 impune
1275 1793 1532 1855 transigere
1556 1794 1629 1841 vel

200 1869 374 1935 pacisci
391 1879 547 1934 potest
569 1870 618 1917 in
643 1886 945 1934 quacumque
963 1870 1212 1929 instantia,
1238 1868 1321 1917 sed
1341 1869 1377 1916 si
1395 1879 1630 1933 transege-

201 1947 296 1994 rint
325 1947 469 1995 etiam
483 1947 539 1999 ‚in
563 1948 718 2013 prima
740 1948 964 1995 instantia
987 1947 1239 2011 litigantes,
1265 1957 1463 2011 uterque
1485 1965 1630 2013 pecu-

202 2024 284 2072 nia
319 2024 574 2072 mulctatur
610 2025 673 2073 ad
710 2024 961 2073 arbitrium
991 2024 1180 2090 judicis,
1220 2034 1267 2071 et
1300 2024 1542 2073 interdum
1574 2042 1631 2074 ea

202 2102 404 2164 mulcta,
436 2119 541 2167 quae
573 2102 636 2151 ad
660 2103 891 2167 majorem
921 2118 1184 2163 summam,
1214 2117 1359 2165 quam
1393 2102 1538 2149 totius
1574 2103 1633 2149 sit

201 2180 449 2228 aestimatio
486 2181 597 2242 litis,
632 2179 874 2229 ascendat.
911 2181 1080 2245 Iniqua
1118 2178 1334 2245 profecto
1368 2188 1416 2226 et
1451 2179 1631 2226 caritati

199 2257 479 2323 juribusque
500 2259 695 2306 inimica
709 2257 1023 2319 consuetudo,
1043 2273 1148 2322 quae
1169 2273 1291 2322 saepe
1311 2256 1417 2306 lites
1435 2257 1633 2304 mulcta·

204 2352 313 2384 rum
333 2346 463 2384 metu
489 2354 623 2402 paene
652 2335 796 2384 efficit
827 2336 1135 2396 immortales,
1162 2345 1208 2383 et
1238 2335 1349 2382 odia
1371 2343 1516 2399 atque
1543 2334 1632 2381 ini-

205 2413 422 2475 micitias,
447 2430 552 2478 quae
583 2413 764 2461 oboriri
799 2430 857 2461 ex
887 2413 1051 2461 litibus
1089 2413 1268 2471 solent,
1306 2412 1455 2458 nutrit
1491 2421 1632 2474 atque

207 2490 358 2551 fovet3
380 2491 440 2539 de
458 2491 633 2556 quibus
659 2492 812 2554 facile,
838 2492 928 2539 nisi
951 2501 1105 2539 metus
1136 2490 1414 2555 hujusmodi
1437 2490 1635 2536 mulcta-

206 2585 315 2616 rum
335 2568 562 2631 obstaret,
598 2571 721 2618 inter
750 2571 1008 2635 litigatores
1029 2569 1222 2632 transigi
1244 2578 1418 2634 posset,
1450 2568 1634 2633 ipsique

207 2646 330 2693 inter
350 2662 400 2693 se
427 2646 490 2694 ad
520 2648 764 2696 caritatem
785 2658 832 2695 et
858 2648 1115 2696 amicitiam
1150 2645 1314 2693 reduci
1345 2654 1393 2692 et
1418 2644 1634 2692 reconci-

207 2723 326 2771 liari.
370 2724 532 2786 Quod,
572 2726 877 2789 quantumvis
910 2725 961 2772 id
994 2734 1240 2789 exoptent,
1279 2733 1437 2770 tamen
1470 2722 1633 2785 hujus-

210 2799 343 2848 modi
363 2811 493 2848 metu
510 2802 718 2861 coerciti,
743 2801 894 2849 facere
910 2801 1193 2866 plerumque
1215 2799 1412 2846 minime
1434 2796 1646 2845 audent.'
