2060 3392
404 320 479 357 176
770 315 1113 354 HISTORIARUM
1143 315 1379 352 LUDOVICI
1405 316 1461 352 xl

403 409 532 472 pacis
562 408 680 454 inire
713 407 890 454 foedera
923 403 1168 469 cupiebat,
1207 403 1298 451 sibi
1335 403 1594 467 objectaret
1621 406 1822 469 qualiter

403 485 778 550 quamplurimos
802 483 1038 549 principes
1070 481 1204 544 regni
1234 481 1307 528 sui
1338 482 1582 546 promissis
1618 498 1648 529 a
1673 499 1723 530 se
1750 482 1820 530 eis

405 562 536 610 factis
568 562 823 622 fefellisset,
850 559 1094 625 respondit
1115 575 1164 606 se
1194 575 1305 622 erga
1335 558 1551 607 subditos
1579 577 1691 608 suos
1711 576 1822 626 pro·

403 639 554 686 missis
585 649 631 685 et
664 638 967 686 sacramentis
998 653 1096 684 non
1126 636 1286 700 ligari3
1325 636 1408 684 sed
1435 637 1491 684 si·
1510 636 1656 684 fidem
1687 636 1839 686 alteri'

403 716 499 779 regi
518 715 668 776 daret,
688 731 793 762 eam
813 730 1059 779 nunquam
1081 714 1340 761 violaturus
1355 723 1490 761 esset.
1513 714 1657 771 Quod
1676 731 1821 779 quam

404 810 570 841 verum
592 793 746 854 fuerit,
777 809 936 840 rerum
958 802 1155 839 eventus
1176 792 1333 857 ipsum
1355 808 1516 856 regem
1538 792 1817 857 Anglorum,

402 871 440 916 si
459 871 615 917 minus
638 879 777 916 antea
800 869 966 927 fuerat,
989 869 1239 916 certiorem
1261 868 1385 915 fecit.
1413 871 1525 916 Erat
1542 869 1670 916 enim
1691 869 1821 934 apud

402 965 568 995 omnes
593 947 738 995 ferme
761 947 998 1012 principes
1016 955 1063 993 et
1082 946 1315 1007 nationeS,
1336 956 1434 993 tam
1453 946 1821 1002 christianorum

401 1042 546 1089 quam
567 1024 858 1085 infidelium,
896 1025 979 1088 qui
1003 1023 1063 1070 de
1092 1040 1151 1071 eo
1173 1013 1732 1087 quidquam'audierant,
1760 1025 1820 1072 de

400 1103 627 1168 perfidia,¹
645 1102 962 1150 inconstantia
992 1111 1039 1148 et
1066 1101 1312 1166 fragilitate
1344 1102 1717 1166 promissionum
1739 1119 1819 1151 ve·

399 1180 646 1228 hementer
667 1179 955 1227 diffamatus.
1168 1234 1171 1236 Ι

466 1261 614 1305 Porro
637 1258 675 1305 si
704 1258 755 1304 in
788 1257 972 1321 aliquos
1002 1272 1215 1321 unquam
1248 1257 1550 1304 clementiam
1575 1267 1622 1305 et
1642 1258 1820 1306 miseri-

398 1335 611 1383 cordiam
638 1335 818 1395 fecerit,
844 1334 960 1381 tales
982 1333 1172 1380 fuerunt
1195 1350 1315 1397 quos
1345 1334 1419 1381 vel
1442 1351 1536 1382 suae
1555 1335 1820 1399 tyrannidis

397 1413 599 1460 idoneos
620 1412 908 1459 existimaret
931 1411 1189 1474 ministros,
1218 1418 1300 1459 aut
1324 1429 1532 1477 quorum
1555 1413 1819 1478 potentiam

398 1491 473 1537 vel
494 1490 763 1537 inimicitias
784 1490 971 1536 timeret
986 1489 1242 1536 incurrere.
1269 1492 1321 1536 In
1350 1491 1468 1538 alios
1490 1500 1666 1552 autem,
1697 1508 1818 1556 quos

399 1585 487 1615 nec
510 1568 572 1615 ad
594 1568 791 1631 hujusce
807 1583 902 1614 suae
922 1566 1235 1617 ministerium
1256 1567 1521 1631 tyrannidis
1544 1578 1698 1632 aptos,
1727 1584 1817 1615 nec

397 1647 460 1695 ad
478 1647 805 1695 obsistendum
831 1657 1048 1712 potentes
1073 1646 1340 1712 reputabat,
1367 1664 1543 1695 saevum
1564 1665 1749 1713 semper
1771 1657 1818 1695 et

399 1724 641 1772 crudelem
670 1741 719 1772 se
741 1724 965 1772 ostendit.

864 1933 1204 1979 CAPITULUM
1242 1934 1344 1979 XII.

786 2067 838 2101 De
857 2067 1026 2115 sapientia
1045 2079 1107 2109 seu
1121 2067 1309 2115 prudentia
1327 2069 1414 2115 ejus.

463 2186 659 2250 Sapiens
694 2202 870 2233 verone
903 2187 975 2233 vel
1017 2186 1253 2252 prudens,
1290 2195 1372 2233 aut
1413 2185 1570 2250 potius
1602 2184 1808 2232 stultus?

399 2265 687 2326 Quanquam
716 2263 935 2309 nonnulli
957 2273 1268 2311 assentatores
1295 2262 1535 2309 interdum
1572 2278 1682 2308 eum
1705 2279 1814 2326 pru-

399 2340 728 2387 dentissimum
764 2340 1094 2404 praedicarint,
1138 2351 1297 2388 tamen
1344 2356 1401 2386 ex
1451 2339 1812 2403 quamplurimis

399 2415 498 2478 ejus
519 2414 654 2461 dictis
677 2424 724 2461 et
751 2415 883 2462 factis
907 2425 1001 2462 tam
1023 2416 1218 2462 stultum
1246 2432 1295 2462 se
1323 2431 1422 2462 esse
1446 2413 1746 2478 approbabat
1767 2423 1814 2461 et

400 2480 604 2553 fatuum,
640 2502 693 2538 ut
720 2490 781 2539 ab
804 2492 972 2539 insano
997 2493 1071 2539 vel
1094 2493 1313 2539 demente
1346 2508 1516 2556 parum
1537 2491 1725 2539 differre
1749 2492 1814 2538 vi-

398 2571 602 2618 deretur.
639 2571 759 2617 Eum
787 2569 1017 2628 fortassis,
1055 2570 1103 2616 in
1133 2569 1376 2616 nonnullis
1405 2585 1488 2633 per
1516 2586 1626 2615 eum
1650 2570 1809 2633 gestis,

398 2647 622 2695 callidum
645 2655 726 2692 aut
747 2655 951 2693 astutum
970 2646 1063 2693 dici
1088 2663 1226 2712 posse
1247 2646 1418 2710 cuique
1441 2646 1590 2693 videri
1621 2657 1807 2712 posset3

399 2742 503 2789 quae
536 2735 691 2772 tamen
715 2723 851 2787 ‘justo
889 2741 1046 2771 rerum
1080 2723 1346 2770 aestimatori
1376 2741 1476 2770 non
1510 2723 1572 2771 ad
1601 2723 1811 2772 officium

399 2803 686 2867 prudentiae,
714 2801 796 2848 sed
823 2801 980 2866 potius
1014 2800 1075 2849 ad
1114 2802 1249 2859 vitia,
1278 2801 1539 2866 prudentiae
1575 2803 1811 2850 contraria
