<?xml version="1.0" encoding="UTF-8"?>
<!DOCTYPE html PUBLIC "-//W3C//DTD XHTML 1.0 Transitional//EN"
    "http://www.w3.org/TR/xhtml1/DTD/xhtml1-transitional.dtd">
<html xmlns="http://www.w3.org/1999/xhtml" xml:lang="en" lang="en">
 <head>
  <title>
</title>
<meta http-equiv="Content-Type" content="text/html;charset=utf-8" />
  <meta name='ocr-system' content='tesseract 3.04.00' />
  <meta name='ocr-capabilities' content='ocr_page ocr_carea ocr_par ocr_line ocrx_word'/>
</head>
<body>
  <div class='ocr_page' id='page_1' title='image "./histoiredesrgn03basiuoft_0203.png"; bbox 0 0 2060 3392; ppageno 0'>
   <div class='ocr_carea' id='block_1_1' title="bbox 698 266 1625 306">
    <p class='ocr_par' dir='ltr' id='par_1_1' title="bbox 698 266 1625 306">
     <span class='ocr_line' id='line_1_1' title="bbox 698 266 1625 306; baseline 0.001 -1"><span class='ocrx_word' id='word_1_1' title='bbox 698 267 844 305; x_wconf 80' lang='lat' dir='ltr'><strong>LIBER</strong></span> <span class='ocrx_word' id='word_1_2' title='bbox 884 266 1136 304; x_wconf 75' lang='lat' dir='ltr'>SEPTIMUS.</span> <span class='ocrx_word' id='word_1_3' title='bbox 1548 270 1565 305; x_wconf 80' lang='lat'>1</span> <span class='ocrx_word' id='word_1_4' title='bbox 1576 270 1625 306; x_wconf 75' lang='lat'><strong>53</strong></span> 
     </span>
    </p>
   </div>
   <div class='ocr_carea' id='block_1_2' title="bbox 209 342 1640 2439">
    <p class='ocr_par' dir='ltr' id='par_1_2' title="bbox 209 342 1627 501">
     <span class='ocr_line' id='line_1_2' title="bbox 211 342 1627 424; baseline -0.004 -18"><span class='ocrx_word' id='word_1_5' title='bbox 211 342 397 424; x_wconf 80' lang='lat' dir='ltr'><strong>partem</strong></span> <span class='ocrx_word' id='word_1_6' title='bbox 415 372 565 419; x_wconf 78' lang='lat' dir='ltr'><strong>,cum</strong></span> <span class='ocrx_word' id='word_1_7' title='bbox 590 371 678 403; x_wconf 90' lang='lat' dir='ltr'><strong>suo</strong></span> <span class='ocrx_word' id='word_1_8' title='bbox 717 354 867 420; x_wconf 89' lang='lat' dir='ltr'><strong>impio</strong></span> <span class='ocrx_word' id='word_1_9' title='bbox 904 353 1121 401; x_wconf 84' lang='lat' dir='ltr'><strong>satellitio</strong></span> <span class='ocrx_word' id='word_1_10' title='bbox 1152 352 1399 418; x_wconf 84' lang='lat' dir='ltr'><strong>expilasset</strong></span> <span class='ocrx_word' id='word_1_11' title='bbox 1437 369 1493 400; x_wconf 91' lang='lat' dir='ltr'><strong>ac</strong></span> <span class='ocrx_word' id='word_1_12' title='bbox 1517 353 1627 401; x_wconf 84' lang='lat' dir='ltr'><strong>diri-</strong></span> 
     </span>
     <span class='ocr_line' id='line_1_3' title="bbox 209 418 928 501; baseline -0.007 -17"><span class='ocrx_word' id='word_1_13' title='bbox 209 434 402 501; x_wconf 80' lang='lat' dir='ltr'><strong>puisset.</strong></span> <span class='ocrx_word' id='word_1_14' title='bbox 922 418 928 426; x_wconf 49' lang='lat'><strong>¹</strong></span> 
     </span>
    </p>

    <p class='ocr_par' dir='ltr' id='par_1_3' title="bbox 210 507 1632 1123">
     <span class='ocr_line' id='line_1_4' title="bbox 276 507 1628 574; baseline -0.003 -14"><span class='ocrx_word' id='word_1_15' title='bbox 276 514 486 561; x_wconf 89' lang='lat' dir='ltr'><strong>Fuerunt</strong></span> <span class='ocrx_word' id='word_1_16' title='bbox 509 510 558 558; x_wconf 91' lang='lat' dir='ltr'><strong>in</strong></span> <span class='ocrx_word' id='word_1_17' title='bbox 579 526 640 558; x_wconf 92' lang='lat' dir='ltr'><strong>eo</strong></span> <span class='ocrx_word' id='word_1_18' title='bbox 657 509 916 557; x_wconf 80' lang='lat' dir='ltr'>certamine</span> <span class='ocrx_word' id='word_1_19' title='bbox 932 507 1051 556; x_wconf 91' lang='lat' dir='ltr'><strong>bina</strong></span> <span class='ocrx_word' id='word_1_20' title='bbox 1066 508 1170 556; x_wconf 84' lang='lat' dir='ltr'><strong>vice</strong></span> <span class='ocrx_word' id='word_1_21' title='bbox 1185 507 1423 568; x_wconf 79' lang='lat' dir='ltr'><strong>Clivenses</strong></span> <span class='ocrx_word' id='word_1_22' title='bbox 1444 507 1628 574; x_wconf 90' lang='lat' dir='ltr'><strong>depulsi</strong></span> 
     </span>
     <span class='ocr_line' id='line_1_5' title="bbox 211 586 1630 652; baseline -0.004 -14"><span class='ocrx_word' id='word_1_23' title='bbox 211 599 260 638; x_wconf 88' lang='lat' dir='ltr'><strong>et</strong></span> <span class='ocrx_word' id='word_1_24' title='bbox 285 589 396 638; x_wconf 91' lang='lat' dir='ltr'><strong>loco</strong></span> <span class='ocrx_word' id='word_1_25' title='bbox 428 589 551 637; x_wconf 89' lang='lat' dir='ltr'><strong>moti</strong></span> <span class='ocrx_word' id='word_1_26' title='bbox 564 624 578 648; x_wconf 88' lang='lat'><strong>,</strong></span> <span class='ocrx_word' id='word_1_27' title='bbox 621 587 818 636; x_wconf 82' lang='lat' dir='ltr'><strong>viriliter</strong></span> <span class='ocrx_word' id='word_1_28' title='bbox 861 596 909 634; x_wconf 92' lang='lat' dir='ltr'><strong>et</strong></span> <span class='ocrx_word' id='word_1_29' title='bbox 937 597 1139 641; x_wconf 71' lang='lat' dir='ltr'><strong>‚strenue</strong></span> <span class='ocrx_word' id='word_1_30' title='bbox 1174 586 1511 635; x_wconf 84' lang='lat' dir='ltr'><strong>dimicantibus</strong></span> <span class='ocrx_word' id='word_1_31' title='bbox 1545 588 1630 652; x_wconf 93' lang='lat' dir='ltr'><strong>qui</strong></span> 
     </span>
     <span class='ocr_line' id='line_1_6' title="bbox 211 663 1631 734; baseline -0.003 -18"><span class='ocrx_word' id='word_1_32' title='bbox 211 684 302 734; x_wconf 84' lang='lat' dir='ltr'><strong>pro</strong></span> <span class='ocrx_word' id='word_1_33' title='bbox 322 666 597 716; x_wconf 87' lang='lat' dir='ltr'><strong>defensione</strong></span> <span class='ocrx_word' id='word_1_34' title='bbox 619 666 794 732; x_wconf 46' lang='lat' dir='ltr'><strong>platea</strong></span> <span class='ocrx_word' id='word_1_35' title='bbox 807 675 857 713; x_wconf 86' lang='lat' dir='ltr'><strong>et</strong></span> <span class='ocrx_word' id='word_1_36' title='bbox 876 665 1076 713; x_wconf 88' lang='lat' dir='ltr'><strong>civitatis</strong></span> <span class='ocrx_word' id='word_1_37' title='bbox 1097 663 1379 724; x_wconf 80' lang='lat' dir='ltr'><strong>adstabant3</strong></span> <span class='ocrx_word' id='word_1_38' title='bbox 1407 664 1490 711; x_wconf 92' lang='lat' dir='ltr'><strong>sed</strong></span> <span class='ocrx_word' id='word_1_39' title='bbox 1514 663 1631 713; x_wconf 86' lang='lat' dir='ltr'><strong>fina-</strong></span> 
     </span>
     <span class='ocr_line' id='line_1_7' title="bbox 210 742 1632 796; baseline -0.004 0"><span class='ocrx_word' id='word_1_40' title='bbox 210 747 318 796; x_wconf 76' lang='lat' dir='ltr'><strong>liter</strong></span> <span class='ocrx_word' id='word_1_41' title='bbox 337 762 389 794; x_wconf 88' lang='lat' dir='ltr'><strong>se</strong></span> <span class='ocrx_word' id='word_1_42' title='bbox 411 744 824 794; x_wconf 84' lang='lat' dir='ltr'><strong>accumulantibus</strong></span> <span class='ocrx_word' id='word_1_43' title='bbox 846 742 1144 791; x_wconf 87' lang='lat' dir='ltr'><strong>Clivensibus</strong></span> <span class='ocrx_word' id='word_1_44' title='bbox 1168 753 1216 789; x_wconf 90' lang='lat' dir='ltr'><strong>et</strong></span> <span class='ocrx_word' id='word_1_45' title='bbox 1232 744 1454 791; x_wconf 89' lang='lat' dir='ltr'><strong>atrociter</strong></span> <span class='ocrx_word' id='word_1_46' title='bbox 1475 743 1632 791; x_wconf 88' lang='lat' dir='ltr'><strong>immi-</strong></span> 
     </span>
     <span class='ocr_line' id='line_1_8' title="bbox 211 822 1630 887; baseline -0.003 -14"><span class='ocrx_word' id='word_1_47' title='bbox 211 824 453 884; x_wconf 82' lang='lat' dir='ltr'><strong>nentibus,</strong></span> <span class='ocrx_word' id='word_1_48' title='bbox 469 841 658 872; x_wconf 86' lang='lat' dir='ltr'><strong>necesse</strong></span> <span class='ocrx_word' id='word_1_49' title='bbox 678 825 745 871; x_wconf 90' lang='lat' dir='ltr'><strong>eis</strong></span> <span class='ocrx_word' id='word_1_50' title='bbox 765 823 869 884; x_wconf 86' lang='lat' dir='ltr'><strong>fuit,</strong></span> <span class='ocrx_word' id='word_1_51' title='bbox 895 823 979 887; x_wconf 91' lang='lat' dir='ltr'><strong>qui</strong></span> <span class='ocrx_word' id='word_1_52' title='bbox 999 822 1140 885; x_wconf 87' lang='lat' dir='ltr'><strong>longe</strong></span> <span class='ocrx_word' id='word_1_53' title='bbox 1158 822 1407 886; x_wconf 90' lang='lat' dir='ltr'><strong>pauciores</strong></span> <span class='ocrx_word' id='word_1_54' title='bbox 1427 838 1630 869; x_wconf 90' lang='lat' dir='ltr'><strong>numero</strong></span> 
     </span>
     <span class='ocr_line' id='line_1_9' title="bbox 210 900 1631 965; baseline -0.004 -14"><span class='ocrx_word' id='word_1_55' title='bbox 210 913 348 952; x_wconf 83' lang='lat' dir='ltr'><strong>erant</strong></span> <span class='ocrx_word' id='word_1_56' title='bbox 362 940 376 964; x_wconf 90' lang='lat'>‚</span> <span class='ocrx_word' id='word_1_57' title='bbox 399 902 510 950; x_wconf 89' lang='lat' dir='ltr'><strong>loco</strong></span> <span class='ocrx_word' id='word_1_58' title='bbox 535 902 721 950; x_wconf 86' lang='lat' dir='ltr'><strong>cedere.</strong></span> <span class='ocrx_word' id='word_1_59' title='bbox 754 904 874 950; x_wconf 87' lang='lat' dir='ltr'><strong>Nam</strong></span> <span class='ocrx_word' id='word_1_60' title='bbox 904 911 952 948; x_wconf 92' lang='lat' dir='ltr'><strong>et</strong></span> <span class='ocrx_word' id='word_1_61' title='bbox 980 901 1093 965; x_wconf 89' lang='lat' dir='ltr'><strong>ipsis</strong></span> <span class='ocrx_word' id='word_1_62' title='bbox 1120 900 1416 947; x_wconf 89' lang='lat' dir='ltr'><strong>Clivensibus</strong></span> <span class='ocrx_word' id='word_1_63' title='bbox 1444 917 1544 948; x_wconf 89' lang='lat' dir='ltr'><strong>sese</strong></span> <span class='ocrx_word' id='word_1_64' title='bbox 1573 917 1631 948; x_wconf 82' lang='lat' dir='ltr'><strong>ex</strong></span> 
     </span>
     <span class='ocr_line' id='line_1_10' title="bbox 212 977 1631 1042; baseline -0.004 -13"><span class='ocrx_word' id='word_1_65' title='bbox 212 981 400 1029; x_wconf 82' lang='lat' dir='ltr'><strong>civitate</strong></span> <span class='ocrx_word' id='word_1_66' title='bbox 432 979 653 1028; x_wconf 88' lang='lat' dir='ltr'><strong>nonnulli</strong></span> <span class='ocrx_word' id='word_1_67' title='bbox 675 979 1028 1039; x_wconf 66' lang='lat' dir='ltr'><strong>consociatam,</strong></span> <span class='ocrx_word' id='word_1_68' title='bbox 1055 978 1140 1042; x_wconf 91' lang='lat' dir='ltr'><strong>qui</strong></span> <span class='ocrx_word' id='word_1_69' title='bbox 1164 977 1410 1025; x_wconf 87' lang='lat' dir='ltr'><strong>acerbiore</strong></span> <span class='ocrx_word' id='word_1_70' title='bbox 1441 977 1555 1026; x_wconf 91' lang='lat' dir='ltr'><strong>odio</strong></span> <span class='ocrx_word' id='word_1_71' title='bbox 1581 978 1631 1024; x_wconf 92' lang='lat' dir='ltr'><strong>in</strong></span> 
     </span>
     <span class='ocr_line' id='line_1_11' title="bbox 211 1057 959 1123; baseline -0.007 -16"><span class='ocrx_word' id='word_1_72' title='bbox 211 1075 353 1107; x_wconf 81' lang='lat' dir='ltr'><strong>suum</strong></span> <span class='ocrx_word' id='word_1_73' title='bbox 374 1057 647 1106; x_wconf 82' lang='lat' dir='ltr'><strong>ferebantur</strong></span> <span class='ocrx_word' id='word_1_74' title='bbox 663 1058 959 1123; x_wconf 91' lang='lat' dir='ltr'><strong>episcopum.</strong></span> 
     </span>
    </p>

    <p class='ocr_par' dir='ltr' id='par_1_4' title="bbox 212 1131 1639 2285">
     <span class='ocr_line' id='line_1_12' title="bbox 276 1131 1635 1199; baseline -0.002 -17"><span class='ocrx_word' id='word_1_75' title='bbox 276 1137 444 1184; x_wconf 81' lang='lat' dir='ltr'><strong>Statim</strong></span> <span class='ocrx_word' id='word_1_76' title='bbox 461 1146 622 1183; x_wconf 89' lang='lat' dir='ltr'><strong>autem</strong></span> <span class='ocrx_word' id='word_1_77' title='bbox 637 1145 692 1182; x_wconf 92' lang='lat' dir='ltr'><strong>ut</strong></span> <span class='ocrx_word' id='word_1_78' title='bbox 709 1144 839 1199; x_wconf 86' lang='lat' dir='ltr'><strong>terga</strong></span> <span class='ocrx_word' id='word_1_79' title='bbox 859 1143 1126 1195; x_wconf 81' lang='lat' dir='ltr'><strong>verterunt,</strong></span> <span class='ocrx_word' id='word_1_80' title='bbox 1151 1133 1234 1197; x_wconf 92' lang='lat' dir='ltr'><strong>qui</strong></span> <span class='ocrx_word' id='word_1_81' title='bbox 1252 1148 1342 1197; x_wconf 91' lang='lat' dir='ltr'><strong>pro</strong></span> <span class='ocrx_word' id='word_1_82' title='bbox 1357 1131 1635 1179; x_wconf 82' lang='lat' dir='ltr'><strong>defensione</strong></span> 
     </span>
     <span class='ocr_line' id='line_1_13' title="bbox 212 1209 1631 1279; baseline -0.004 -17"><span class='ocrx_word' id='word_1_83' title='bbox 212 1212 511 1276; x_wconf 79' lang='lat' dir='ltr'><strong>adstiterant,</strong></span> <span class='ocrx_word' id='word_1_84' title='bbox 542 1214 631 1279; x_wconf 90' lang='lat' dir='ltr'><strong>ipsi</strong></span> <span class='ocrx_word' id='word_1_85' title='bbox 653 1214 892 1260; x_wconf 84' lang='lat' dir='ltr'><strong>Clivenses</strong></span> <span class='ocrx_word' id='word_1_86' title='bbox 914 1228 1025 1259; x_wconf 90' lang='lat' dir='ltr'><strong>cum</strong></span> <span class='ocrx_word' id='word_1_87' title='bbox 1059 1210 1242 1259; x_wconf 90' lang='lat' dir='ltr'><strong>civibus</strong></span> <span class='ocrx_word' id='word_1_88' title='bbox 1270 1226 1365 1257; x_wconf 87' lang='lat' dir='ltr'><strong>suae</strong></span> <span class='ocrx_word' id='word_1_89' title='bbox 1390 1209 1631 1270; x_wconf 85' lang='lat' dir='ltr'><strong>factionis,</strong></span> 
     </span>
     <span class='ocr_line' id='line_1_14' title="bbox 212 1284 1636 1354; baseline -0.004 -18"><span class='ocrx_word' id='word_1_90' title='bbox 212 1288 416 1338; x_wconf 79' lang='lat' dir='ltr'><strong>effractis</strong></span> <span class='ocrx_word' id='word_1_91' title='bbox 434 1289 703 1338; x_wconf 87' lang='lat' dir='ltr'><strong>carceribus</strong></span> <span class='ocrx_word' id='word_1_92' title='bbox 728 1290 779 1336; x_wconf 92' lang='lat' dir='ltr'><strong>in</strong></span> <span class='ocrx_word' id='word_1_93' title='bbox 803 1288 979 1354; x_wconf 89' lang='lat' dir='ltr'><strong>quibus</strong></span> <span class='ocrx_word' id='word_1_94' title='bbox 1000 1288 1225 1335; x_wconf 88' lang='lat' dir='ltr'><strong>dominus</strong></span> <span class='ocrx_word' id='word_1_95' title='bbox 1247 1286 1308 1333; x_wconf 94' lang='lat' dir='ltr'><strong>de</strong></span> <span class='ocrx_word' id='word_1_96' title='bbox 1332 1284 1572 1349; x_wconf 56' lang='lat' dir='ltr'><strong>Mongs&#39;ort</strong></span> <span class='ocrx_word' id='word_1_97' title='bbox 1589 1295 1636 1331; x_wconf 87' lang='lat' dir='ltr'><strong>et</strong></span> 
     </span>
     <span class='ocr_line' id='line_1_15' title="bbox 214 1364 1636 1430; baseline -0.004 -15"><span class='ocrx_word' id='word_1_98' title='bbox 214 1366 295 1415; x_wconf 86' lang='lat' dir='ltr'><strong>alii</strong></span> <span class='ocrx_word' id='word_1_99' title='bbox 326 1367 533 1416; x_wconf 83' lang='lat' dir='ltr'><strong>fautores</strong></span> <span class='ocrx_word' id='word_1_100' title='bbox 559 1367 631 1416; x_wconf 90' lang='lat' dir='ltr'><strong>sui</strong></span> <span class='ocrx_word' id='word_1_101' title='bbox 663 1366 1043 1426; x_wconf 86' lang='lat' dir='ltr'><strong>asservabantur,</strong></span> <span class='ocrx_word' id='word_1_102' title='bbox 1071 1365 1134 1413; x_wconf 93' lang='lat' dir='ltr'><strong>ad</strong></span> <span class='ocrx_word' id='word_1_103' title='bbox 1165 1364 1396 1430; x_wconf 90' lang='lat' dir='ltr'><strong>palatium</strong></span> <span class='ocrx_word' id='word_1_104' title='bbox 1423 1364 1636 1429; x_wconf 91' lang='lat' dir='ltr'><strong>episcopi</strong></span> 
     </span>
     <span class='ocr_line' id='line_1_16' title="bbox 213 1442 1637 1511; baseline -0.004 -19"><span class='ocrx_word' id='word_1_105' title='bbox 213 1445 510 1511; x_wconf 82' lang='lat' dir='ltr'><strong>irruperunt,</strong></span> <span class='ocrx_word' id='word_1_106' title='bbox 544 1455 591 1493; x_wconf 92' lang='lat' dir='ltr'><strong>et</strong></span> <span class='ocrx_word' id='word_1_107' title='bbox 625 1445 828 1493; x_wconf 83' lang='lat' dir='ltr'><strong>effractis</strong></span> <span class='ocrx_word' id='word_1_108' title='bbox 854 1454 903 1492; x_wconf 84' lang='lat' dir='ltr'><strong>et</strong></span> <span class='ocrx_word' id='word_1_109' title='bbox 927 1444 1124 1509; x_wconf 88' lang='lat' dir='ltr'><strong>direptis</strong></span> <span class='ocrx_word' id='word_1_110' title='bbox 1154 1442 1505 1508; x_wconf 85' lang='lat' dir='ltr'><strong>exportatisque</strong></span> <span class='ocrx_word' id='word_1_111' title='bbox 1530 1457 1637 1487; x_wconf 93' lang='lat' dir='ltr'><strong>om-</strong></span> 
     </span>
     <span class='ocr_line' id='line_1_17' title="bbox 214 1519 1637 1588; baseline -0.004 -17"><span class='ocrx_word' id='word_1_112' title='bbox 214 1522 357 1571; x_wconf 86' lang='lat' dir='ltr'><strong>nibus</strong></span> <span class='ocrx_word' id='word_1_113' title='bbox 397 1540 502 1588; x_wconf 88' lang='lat' dir='ltr'><strong>quae</strong></span> <span class='ocrx_word' id='word_1_114' title='bbox 537 1523 657 1570; x_wconf 89' lang='lat' dir='ltr'><strong>inibi</strong></span> <span class='ocrx_word' id='word_1_115' title='bbox 703 1522 956 1588; x_wconf 87' lang='lat' dir='ltr'><strong>portabilia</strong></span> <span class='ocrx_word' id='word_1_116' title='bbox 988 1523 1182 1568; x_wconf 86' lang='lat' dir='ltr'><strong>inventa</strong></span> <span class='ocrx_word' id='word_1_117' title='bbox 1217 1530 1355 1581; x_wconf 88' lang='lat' dir='ltr'><strong>sunt,</strong></span> <span class='ocrx_word' id='word_1_118' title='bbox 1392 1520 1442 1566; x_wconf 90' lang='lat' dir='ltr'><strong>in</strong></span> <span class='ocrx_word' id='word_1_119' title='bbox 1478 1519 1637 1584; x_wconf 88' lang='lat' dir='ltr'><strong>ipsum</strong></span> 
     </span>
     <span class='ocr_line' id='line_1_18' title="bbox 214 1597 1638 1667; baseline -0.004 -19"><span class='ocrx_word' id='word_1_120' title='bbox 214 1601 358 1651; x_wconf 85' lang='lat' dir='ltr'><strong>etiam</strong></span> <span class='ocrx_word' id='word_1_121' title='bbox 376 1602 510 1666; x_wconf 90' lang='lat' dir='ltr'><strong>pium</strong></span> <span class='ocrx_word' id='word_1_122' title='bbox 532 1600 811 1667; x_wconf 86' lang='lat' dir='ltr'><strong>pontificem</strong></span> <span class='ocrx_word' id='word_1_123' title='bbox 826 1600 999 1647; x_wconf 90' lang='lat' dir='ltr'><strong>Christi</strong></span> <span class='ocrx_word' id='word_1_124' title='bbox 1018 1609 1067 1646; x_wconf 88' lang='lat' dir='ltr'><strong>et</strong></span> <span class='ocrx_word' id='word_1_125' title='bbox 1080 1603 1091 1624; x_wconf 92' lang='lat'><strong>¹</strong></span> <span class='ocrx_word' id='word_1_126' title='bbox 1115 1598 1367 1646; x_wconf 92' lang='lat' dir='ltr'><strong>dominum</strong></span> <span class='ocrx_word' id='word_1_127' title='bbox 1390 1597 1638 1659; x_wconf 88' lang='lat' dir='ltr'><strong>sacrilegas</strong></span> 
     </span>
     <span class='ocr_line' id='line_1_19' title="bbox 217 1673 1637 1742; baseline -0.006 -15"><span class='ocrx_word' id='word_1_128' title='bbox 217 1694 387 1726; x_wconf 88' lang='lat' dir='ltr'><strong>manus</strong></span> <span class='ocrx_word' id='word_1_129' title='bbox 428 1695 546 1726; x_wconf 91' lang='lat' dir='ltr'><strong>ausu</strong></span> <span class='ocrx_word' id='word_1_130' title='bbox 583 1679 792 1727; x_wconf 89' lang='lat' dir='ltr'><strong>nefando</strong></span> <span class='ocrx_word' id='word_1_131' title='bbox 823 1678 1016 1742; x_wconf 87' lang='lat' dir='ltr'><strong>injicere</strong></span> <span class='ocrx_word' id='word_1_132' title='bbox 1053 1693 1154 1723; x_wconf 87' lang='lat' dir='ltr'><strong>non</strong></span> <span class='ocrx_word' id='word_1_133' title='bbox 1191 1684 1303 1723; x_wconf 90' lang='lat' dir='ltr'><strong>sunt</strong></span> <span class='ocrx_word' id='word_1_134' title='bbox 1336 1674 1495 1734; x_wconf 84' lang='lat' dir='ltr'><strong>veriti;</strong></span> <span class='ocrx_word' id='word_1_135' title='bbox 1519 1673 1637 1737; x_wconf 88' lang='lat' dir='ltr'><strong>quin</strong></span> 
     </span>
     <span class='ocr_line' id='line_1_20' title="bbox 216 1751 1637 1822; baseline -0.006 -18"><span class='ocrx_word' id='word_1_136' title='bbox 216 1766 266 1803; x_wconf 87' lang='lat' dir='ltr'><strong>et</strong></span> <span class='ocrx_word' id='word_1_137' title='bbox 287 1758 448 1804; x_wconf 90' lang='lat' dir='ltr'><strong>multis</strong></span> <span class='ocrx_word' id='word_1_138' title='bbox 465 1774 577 1804; x_wconf 92' lang='lat' dir='ltr'><strong>eum</strong></span> <span class='ocrx_word' id='word_1_139' title='bbox 593 1757 784 1822; x_wconf 89' lang='lat' dir='ltr'><strong>probris</strong></span> <span class='ocrx_word' id='word_1_140' title='bbox 806 1773 861 1803; x_wconf 90' lang='lat' dir='ltr'><strong>ac</strong></span> <span class='ocrx_word' id='word_1_141' title='bbox 884 1754 1201 1814; x_wconf 91' lang='lat' dir='ltr'><strong>contumeliis,</strong></span> <span class='ocrx_word' id='word_1_142' title='bbox 1227 1752 1409 1815; x_wconf 91' lang='lat' dir='ltr'><strong>absque</strong></span> <span class='ocrx_word' id='word_1_143' title='bbox 1431 1751 1531 1797; x_wconf 86' lang='lat' dir='ltr'><strong>ullo</strong></span> <span class='ocrx_word' id='word_1_144' title='bbox 1549 1751 1637 1797; x_wconf 93' lang='lat' dir='ltr'><strong>Dei</strong></span> 
     </span>
     <span class='ocr_line' id='line_1_21' title="bbox 218 1828 1638 1891; baseline -0.004 -11"><span class='ocrx_word' id='word_1_145' title='bbox 218 1833 389 1882; x_wconf 87' lang='lat' dir='ltr'><strong>timore</strong></span> <span class='ocrx_word' id='word_1_146' title='bbox 422 1844 470 1880; x_wconf 92' lang='lat' dir='ltr'><strong>et</strong></span> <span class='ocrx_word' id='word_1_147' title='bbox 502 1834 622 1881; x_wconf 89' lang='lat' dir='ltr'><strong>sacri</strong></span> <span class='ocrx_word' id='word_1_148' title='bbox 660 1833 842 1880; x_wconf 89' lang='lat' dir='ltr'><strong>ordinis</strong></span> <span class='ocrx_word' id='word_1_149' title='bbox 875 1831 1164 1891; x_wconf 88' lang='lat' dir='ltr'><strong>reverentia,</strong></span> <span class='ocrx_word' id='word_1_150' title='bbox 1206 1829 1455 1888; x_wconf 80' lang='lat' dir='ltr'><strong>affectum,</strong></span> <span class='ocrx_word' id='word_1_151' title='bbox 1494 1828 1638 1875; x_wconf 86' lang='lat' dir='ltr'><strong>etiam</strong></span> 
     </span>
     <span class='ocr_line' id='line_1_22' title="bbox 218 1904 1638 1976; baseline -0.006 -18"><span class='ocrx_word' id='word_1_152' title='bbox 218 1909 367 1958; x_wconf 93' lang='lat' dir='ltr'><strong>domo</strong></span> <span class='ocrx_word' id='word_1_153' title='bbox 397 1908 593 1976; x_wconf 86' lang='lat' dir='ltr'><strong>propria</strong></span> <span class='ocrx_word' id='word_1_154' title='bbox 625 1910 881 1973; x_wconf 86' lang='lat' dir='ltr'><strong>ejecerunt.</strong></span> <span class='ocrx_word' id='word_1_155' title='bbox 909 1910 1031 1955; x_wconf 89' lang='lat' dir='ltr'><strong>Cum</strong></span> <span class='ocrx_word' id='word_1_156' title='bbox 1066 1924 1181 1955; x_wconf 88' lang='lat' dir='ltr'><strong>vero</strong></span> <span class='ocrx_word' id='word_1_157' title='bbox 1195 1944 1207 1968; x_wconf 90' lang='lat'><strong>,</strong></span> <span class='ocrx_word' id='word_1_158' title='bbox 1234 1916 1430 1972; x_wconf 87' lang='lat' dir='ltr'><strong>propter</strong></span> <span class='ocrx_word' id='word_1_159' title='bbox 1456 1904 1638 1952; x_wconf 87' lang='lat' dir='ltr'><strong>arthre·</strong></span> 
     </span>
     <span class='ocr_line' id='line_1_23' title="bbox 220 1982 1639 2053; baseline -0.004 -19"><span class='ocrx_word' id='word_1_160' title='bbox 220 1988 335 2036; x_wconf 81' lang='lat' dir='ltr'><strong>ticas</strong></span> <span class='ocrx_word' id='word_1_161' title='bbox 358 1988 602 2053; x_wconf 87' lang='lat' dir='ltr'><strong>passiones</strong></span> <span class='ocrx_word' id='word_1_162' title='bbox 622 1986 826 2052; x_wconf 87' lang='lat' dir='ltr'><strong>pedibus</strong></span> <span class='ocrx_word' id='word_1_163' title='bbox 853 2003 953 2033; x_wconf 92' lang='lat' dir='ltr'><strong>non</strong></span> <span class='ocrx_word' id='word_1_164' title='bbox 983 1985 1117 2033; x_wconf 84' lang='lat' dir='ltr'><strong>facile</strong></span> <span class='ocrx_word' id='word_1_165' title='bbox 1145 1995 1306 2050; x_wconf 89' lang='lat' dir='ltr'><strong>posset</strong></span> <span class='ocrx_word' id='word_1_166' title='bbox 1330 1995 1444 2032; x_wconf 91' lang='lat' dir='ltr'><strong>tunc</strong></span> <span class='ocrx_word' id='word_1_167' title='bbox 1471 1982 1639 2031; x_wconf 86' lang='lat' dir='ltr'><strong>ambu-</strong></span> 
     </span>
     <span class='ocr_line' id='line_1_24' title="bbox 218 2060 1639 2130; baseline -0.003 -18"><span class='ocrx_word' id='word_1_168' title='bbox 218 2065 316 2113; x_wconf 89' lang='lat' dir='ltr'><strong>lare</strong></span> <span class='ocrx_word' id='word_1_169' title='bbox 330 2102 343 2126; x_wconf 93' lang='lat'>‚</span> <span class='ocrx_word' id='word_1_170' title='bbox 368 2065 431 2112; x_wconf 92' lang='lat' dir='ltr'><strong>ad</strong></span> <span class='ocrx_word' id='word_1_171' title='bbox 454 2064 715 2130; x_wconf 88' lang='lat' dir='ltr'><strong>quamdam</strong></span> <span class='ocrx_word' id='word_1_172' title='bbox 734 2065 876 2112; x_wconf 87' lang='lat' dir='ltr'><strong>aliam</strong></span> <span class='ocrx_word' id='word_1_173' title='bbox 895 2064 1114 2122; x_wconf 90' lang='lat' dir='ltr'><strong>domum,</strong></span> <span class='ocrx_word' id='word_1_174' title='bbox 1137 2062 1222 2110; x_wconf 91' lang='lat' dir='ltr'><strong>ubi</strong></span> <span class='ocrx_word' id='word_1_175' title='bbox 1240 2064 1351 2110; x_wconf 90' lang='lat' dir='ltr'><strong>satis</strong></span> <span class='ocrx_word' id='word_1_176' title='bbox 1368 2063 1460 2110; x_wconf 87' lang='lat' dir='ltr'><strong>vile</strong></span> <span class='ocrx_word' id='word_1_177' title='bbox 1479 2060 1639 2127; x_wconf 91' lang='lat' dir='ltr'><strong>publi-</strong></span> 
     </span>
     <span class='ocr_line' id='line_1_25' title="bbox 219 2137 1638 2207; baseline -0.004 -17"><span class='ocrx_word' id='word_1_178' title='bbox 219 2159 332 2191; x_wconf 90' lang='lat' dir='ltr'><strong>cum</strong></span> <span class='ocrx_word' id='word_1_179' title='bbox 367 2142 618 2190; x_wconf 90' lang='lat' dir='ltr'><strong>tenebatur</strong></span> <span class='ocrx_word' id='word_1_180' title='bbox 653 2142 917 2207; x_wconf 88' lang='lat' dir='ltr'><strong>hospitium</strong></span> <span class='ocrx_word' id='word_1_181' title='bbox 931 2178 944 2201; x_wconf 91' lang='lat'><strong>,</strong></span> <span class='ocrx_word' id='word_1_182' title='bbox 971 2140 1248 2206; x_wconf 84' lang='lat' dir='ltr'><strong>deportatus</strong></span> <span class='ocrx_word' id='word_1_183' title='bbox 1273 2150 1343 2188; x_wconf 89' lang='lat' dir='ltr'><strong>est</strong></span> <span class='ocrx_word' id='word_1_184' title='bbox 1357 2176 1370 2199; x_wconf 88' lang='lat'><strong>,</strong></span> <span class='ocrx_word' id='word_1_185' title='bbox 1402 2150 1544 2204; x_wconf 91' lang='lat' dir='ltr'><strong>atque</strong></span> <span class='ocrx_word' id='word_1_186' title='bbox 1572 2137 1638 2185; x_wconf 86' lang='lat' dir='ltr'><strong>ibi</strong></span> 
     </span>
     <span class='ocr_line' id='line_1_26' title="bbox 219 2219 894 2285; baseline -0.003 -18"><span class='ocrx_word' id='word_1_187' title='bbox 219 2236 306 2285; x_wconf 88' lang='lat' dir='ltr'><strong>per</strong></span> <span class='ocrx_word' id='word_1_188' title='bbox 325 2219 427 2267; x_wconf 91' lang='lat' dir='ltr'><strong>dies</strong></span> <span class='ocrx_word' id='word_1_189' title='bbox 448 2220 623 2266; x_wconf 85' lang='lat' dir='ltr'><strong>multos</strong></span> <span class='ocrx_word' id='word_1_190' title='bbox 644 2221 894 2266; x_wconf 83' lang='lat' dir='ltr'><strong>servatus’.</strong></span> 
     </span>
    </p>

    <p class='ocr_par' dir='ltr' id='par_1_5' title="bbox 222 2294 1640 2439">
     <span class='ocr_line' id='line_1_27' title="bbox 285 2294 1640 2362; baseline -0.004 -18"><span class='ocrx_word' id='word_1_191' title='bbox 285 2299 393 2362; x_wconf 81' lang='lat' dir='ltr'><strong>Ipso</strong></span> <span class='ocrx_word' id='word_1_192' title='bbox 432 2306 591 2345; x_wconf 90' lang='lat' dir='ltr'><strong>autem</strong></span> <span class='ocrx_word' id='word_1_193' title='bbox 620 2296 698 2344; x_wconf 93' lang='lat' dir='ltr'><strong>die</strong></span> <span class='ocrx_word' id='word_1_194' title='bbox 740 2313 838 2360; x_wconf 90' lang='lat' dir='ltr'><strong>quo</strong></span> <span class='ocrx_word' id='word_1_195' title='bbox 873 2297 941 2343; x_wconf 89' lang='lat' dir='ltr'><strong>sic</strong></span> <span class='ocrx_word' id='word_1_196' title='bbox 961 2334 973 2356; x_wconf 92' lang='lat'>‚</span> <span class='ocrx_word' id='word_1_197' title='bbox 1011 2297 1079 2344; x_wconf 89' lang='lat' dir='ltr'><strong>uti</strong></span> <span class='ocrx_word' id='word_1_198' title='bbox 1114 2295 1349 2354; x_wconf 83' lang='lat' dir='ltr'><strong>diximus,</strong></span> <span class='ocrx_word' id='word_1_199' title='bbox 1385 2294 1549 2342; x_wconf 85' lang='lat' dir='ltr'><strong>civitas</strong></span> <span class='ocrx_word' id='word_1_200' title='bbox 1579 2294 1640 2340; x_wconf 90' lang='lat' dir='ltr'><strong>ir-</strong></span> 
     </span>
     <span class='ocr_line' id='line_1_28' title="bbox 222 2373 1640 2439; baseline -0.001 -19"><span class='ocrx_word' id='word_1_201' title='bbox 222 2383 359 2438; x_wconf 86' lang='lat' dir='ltr'><strong>rupta</strong></span> <span class='ocrx_word' id='word_1_202' title='bbox 395 2374 481 2421; x_wconf 80' lang='lat' dir='ltr'><strong>fuit</strong></span> <span class='ocrx_word' id='word_1_203' title='bbox 520 2385 567 2421; x_wconf 91' lang='lat' dir='ltr'><strong>et</strong></span> <span class='ocrx_word' id='word_1_204' title='bbox 604 2373 694 2422; x_wconf 90' lang='lat' dir='ltr'><strong>sub</strong></span> <span class='ocrx_word' id='word_1_205' title='bbox 739 2374 997 2439; x_wconf 87' lang='lat' dir='ltr'><strong>impiorum</strong></span> <span class='ocrx_word' id='word_1_206' title='bbox 1036 2374 1292 2421; x_wconf 89' lang='lat' dir='ltr'><strong>hominum</strong></span> <span class='ocrx_word' id='word_1_207' title='bbox 1334 2389 1532 2421; x_wconf 79' lang='lat' dir='ltr'><strong>manum</strong></span> <span class='ocrx_word' id='word_1_208' title='bbox 1571 2389 1640 2419; x_wconf 85' lang='lat' dir='ltr'><strong>re-</strong></span> 
     </span>
    </p>
   </div>
   <div class='ocr_carea' id='block_1_3' title="bbox 217 2525 1640 2829">
    <p class='ocr_par' dir='ltr' id='par_1_6' title="bbox 217 2525 1640 2829">
     <span class='ocr_line' id='line_1_29' title="bbox 249 2525 1059 2579; baseline 0.006 -18"><span class='ocrx_word' id='word_1_209' title='bbox 249 2575 255 2579; x_wconf 35' lang='lat'>·</span> <span class='ocrx_word' id='word_1_210' title='bbox 278 2525 317 2562; x_wconf 79' lang='lat'><strong>¹.</strong></span> <span class='ocrx_word' id='word_1_211' title='bbox 346 2525 420 2564; x_wconf 80' lang='lat' dir='ltr'><strong>Ms.</strong></span> <span class='ocrx_word' id='word_1_212' title='bbox 439 2534 477 2563; x_wconf 90' lang='lat' dir='ltr'><strong>et</strong></span> <span class='ocrx_word' id='word_1_213' title='bbox 492 2526 629 2566; x_wconf 75' lang='lat' dir='ltr'><strong>Matth.</strong></span> <span class='ocrx_word' id='word_1_214' title='bbox 654 2527 838 2566; x_wconf 82' lang='lat' dir='ltr'><strong>Christum</strong></span> <span class='ocrx_word' id='word_1_215' title='bbox 856 2529 1059 2566; x_wconf 80' lang='lat' dir='ltr'><strong>dominum.</strong></span> 
     </span>
     <span class='ocr_line' id='line_1_30' title="bbox 278 2584 1639 2641; baseline -0.004 -15"><span class='ocrx_word' id='word_1_216' title='bbox 278 2587 319 2625; x_wconf 79' lang='lat'><strong>2.</strong></span> <span class='ocrx_word' id='word_1_217' title='bbox 352 2601 371 2620; x_wconf 77' lang='grc' dir='ltr'>ι</span> <span class='ocrx_word' id='word_1_218' title='bbox 391 2587 524 2625; x_wconf 79' lang='lat' dir='ltr'><strong>Statim</strong></span> <span class='ocrx_word' id='word_1_219' title='bbox 547 2589 768 2640; x_wconf 85' lang='lat' dir='ltr'><strong>praeparatis</strong></span> <span class='ocrx_word' id='word_1_220' title='bbox 791 2590 899 2641; x_wconf 88' lang='lat' dir='ltr'><strong>equis</strong></span> <span class='ocrx_word' id='word_1_221' title='bbox 917 2598 956 2628; x_wconf 90' lang='lat' dir='ltr'><strong>et</strong></span> <span class='ocrx_word' id='word_1_222' title='bbox 976 2588 1154 2628; x_wconf 86' lang='lat' dir='ltr'><strong>curribus</strong></span> <span class='ocrx_word' id='word_1_223' title='bbox 1167 2617 1179 2636; x_wconf 92' lang='lat'><strong>,</strong></span> <span class='ocrx_word' id='word_1_224' title='bbox 1202 2588 1424 2640; x_wconf 87' lang='lat' dir='ltr'><strong>episcopum</strong></span> <span class='ocrx_word' id='word_1_225' title='bbox 1454 2584 1639 2624; x_wconf 85' lang='lat' dir='ltr'><strong>Davidem</strong></span> 
     </span>
     <span class='ocr_line' id='line_1_31' title="bbox 217 2646 1640 2702; baseline 0.001 -19"><span class='ocrx_word' id='word_1_226' title='bbox 217 2646 248 2682; x_wconf 64' lang='lat' dir='ltr'><strong>‘x</strong></span> <span class='ocrx_word' id='word_1_227' title='bbox 269 2647 398 2686; x_wconf 81' lang='lat' dir='ltr'><strong>currui</strong></span> <span class='ocrx_word' id='word_1_228' title='bbox 419 2647 637 2700; x_wconf 86' lang='lat' dir='ltr'><strong>imponunt,</strong></span> <span class='ocrx_word' id='word_1_229' title='bbox 660 2652 949 2690; x_wconf 78' lang='lat' dir='ltr'><strong>Amersfortiam</strong></span> <span class='ocrx_word' id='word_1_230' title='bbox 969 2651 1133 2697; x_wconf 86' lang='lat' dir='ltr'><strong>vehunt,</strong></span> <span class='ocrx_word' id='word_1_231' title='bbox 1154 2650 1221 2689; x_wconf 91' lang='lat' dir='ltr'><strong>ubi</strong></span> <span class='ocrx_word' id='word_1_232' title='bbox 1239 2650 1342 2702; x_wconf 86' lang='lat' dir='ltr'><strong>apud</strong></span> <span class='ocrx_word' id='word_1_233' title='bbox 1362 2648 1598 2701; x_wconf 78' lang='lat' dir='ltr'><strong>Agathenses</strong></span> <span class='ocrx_word' id='word_1_234' title='bbox 1618 2660 1640 2684; x_wconf 86' lang='lat' dir='ltr'><strong>a</strong></span> 
     </span>
     <span class='ocr_line' id='line_1_32' title="bbox 229 2709 1640 2766; baseline 0.004 -20"><span class='ocrx_word' id='word_1_235' title='bbox 229 2725 249 2744; x_wconf 71' lang='grc' dir='ltr'>ι</span> <span class='ocrx_word' id='word_1_236' title='bbox 270 2709 427 2747; x_wconf 87' lang='lat' dir='ltr'><strong>domino</strong></span> <span class='ocrx_word' id='word_1_237' title='bbox 448 2712 628 2762; x_wconf 81' lang='lat' dir='ltr'><strong>Reynero</strong></span> <span class='ocrx_word' id='word_1_238' title='bbox 652 2712 701 2750; x_wconf 91' lang='lat' dir='ltr'><strong>de</strong></span> <span class='ocrx_word' id='word_1_239' title='bbox 723 2715 1007 2763; x_wconf 77' lang='lat' dir='ltr'><strong>Bmeckhuysen</strong></span> <span class='ocrx_word' id='word_1_240' title='bbox 1031 2715 1207 2766; x_wconf 87' lang='lat' dir='ltr'><strong>captivus</strong></span> <span class='ocrx_word' id='word_1_241' title='bbox 1232 2714 1437 2751; x_wconf 86' lang='lat' dir='ltr'><strong>detinetur.</strong></span> <span class='ocrx_word' id='word_1_242' title='bbox 1464 2728 1482 2746; x_wconf 83' lang='lat'><strong>»</strong></span> <span class='ocrx_word' id='word_1_243' title='bbox 1505 2713 1640 2747; x_wconf 74' lang='lat' dir='ltr'><strong>Rerum</strong></span> 
     </span>
     <span class='ocr_line' id='line_1_33' title="bbox 225 2773 1372 2829; baseline 0.004 -21"><span class='ocrx_word' id='word_1_244' title='bbox 225 2773 600 2822; x_wconf 77' lang='lat' dir='ltr'><strong>amersfortianatum</strong></span> <span class='ocrx_word' id='word_1_245' title='bbox 620 2784 751 2811; x_wconf 80' lang='lat' dir='ltr'><strong>auctor</strong></span> <span class='ocrx_word' id='word_1_246' title='bbox 766 2780 927 2814; x_wconf 81' lang='lat' dir='ltr'><strong>incertus</strong></span> <span class='ocrx_word' id='word_1_247' title='bbox 940 2805 951 2822; x_wconf 90' lang='lat'><strong>,</strong></span> <span class='ocrx_word' id='word_1_248' title='bbox 971 2777 1045 2815; x_wconf 79' lang='lat' dir='ltr'><strong>cite</strong></span> <span class='ocrx_word' id='word_1_249' title='bbox 1067 2789 1138 2829; x_wconf 81' lang='lat' dir='ltr'><strong>par</strong></span> <span class='ocrx_word' id='word_1_250' title='bbox 1156 2775 1372 2814; x_wconf 73' lang='lat' dir='ltr'><strong>Matthaeus..</strong></span> 
     </span>
    </p>
   </div>
  </div>
 </body>
</html>
