2060 3392
436 305 511 342 362
993 304 1244 341 Arctoam
1258 331 1268 350 ,

433 393 700 458 premitur),
725 393 936 458 quinque
965 391 1028 440 ad
1053 408 1257 457 praesens
1275 391 1701 454 considerationes,
1730 393 1854 444 ultra

433 471 535 520 illas
557 488 678 537 quas
704 472 804 537 ipse
827 469 1157 535 Lugdunensis
1177 470 1341 533 refert,
1367 471 1592 537 speciales
1622 472 1772 537 magis
1806 483 1855 534 et

432 549 494 597 ad
516 566 680 597 casum
712 550 797 613 qui
818 565 908 596 nos
938 549 1171 613 contingit
1204 549 1605 615 appropriatiores
1633 559 1681 597 et
1713 566 1854 616 pecu-

431 627 644 675 liariores
668 626 877 674 breviter
899 626 1156 674 referemus
1169 664 1182 688 ‚
1205 626 1380 692 quibus
1396 627 1527 675 velut
1544 626 1770 676 antidotis
1791 627 1854 677 ad

430 704 759 752 deliniendum
786 715 834 752 et
863 704 1216 753 dulcorandum
1254 721 1450 752 omnem
1485 714 1656 752 nostrae
1687 706 1855 754 amari-

429 781 648 830 tudinem
669 783 1029 848 persecutionis,
1049 782 1213 843 exsilii‚
1239 782 1404 831 damni
1426 782 1502 830 vel
1518 781 1729 846 jacturae,
1753 799 1855 831 om-

429 876 636 924 nemque
660 860 840 909 doloris
867 877 923 909 ac
945 860 1233 926 aegritudinis
1254 861 1354 909 vim
1386 876 1470 908 seu
1493 860 1726 926 impetum
1739 897 1753 923 ‚
1776 861 1853 909 -uti

429 937 637 985 solemus
653 975 666 999 ,
707 955 882 1004 easque
918 937 1271 1002 insurgentibus
1312 937 1556 986 interdum
1602 937 1678 985 vel
1715 938 1854 986 surri-

428 1015 669 1080 pientibus
692 1016 920 1066 dolorum
949 1017 1173 1080 stimulis,
1204 1017 1334 1065 velut
1363 1033 1498 1066 arma
1522 1016 1689 1065 validae
1711 1026 1759 1065 et
1779 1017 1854 1065 in-

428 1094 560 1142 victae
582 1095 871 1144 defensionis
885 1131 898 1157 ,
928 1112 1193 1161 opponere.

493 1173 654 1222 Prima
680 1174 899 1239 quidem,
930 1173 1063 1239 quod
1082 1190 1247 1222 amore
1263 1173 1454 1238 justitiae
1479 1183 1527 1221 et
1546 1172 1660 1221 odio
1681 1172 1856 1238 iniqui-

428 1251 533 1299 tatis
561 1261 703 1317 atque
726 1253 990 1317 tyrannidis
1009 1269 1099 1301 nos
1117 1252 1378 1317 impiorum
1401 1251 1654 1299 incurrisse
1674 1250 1854 1299 calum-

428 1329 530 1377 nias
554 1339 602 1377 et
627 1331 1009 1395 persecutionem
1039 1347 1227 1396 paSSOS,
1259 1339 1307 1378 et
1341 1346 1443 1377 non
1477 1330 1570 1378 alia
1596 1345 1655 1377 ex
1684 1344 1850 1390 causa,

426 1416 649 1472 putamus
667 1417 810 1472 atque
837 1409 888 1455 in
910 1409 1123 1456 Domino
1155 1406 1460 1455 confidimus.
1487 1407 1608 1455 Nam
1635 1423 1747 1454 cum
1762 1443 1777 1467 ,
1802 1415 1856 1453 ut

426 1500 571 1549 supra
602 1485 743 1533 latius
782 1485 1030 1533 retulimus
1045 1522 1057 1546 ‚
1097 1484 1368 1532 videremus
1401 1484 1676 1548 gravissime
1711 1491 1855 1548 atque

426 1561 769 1610 immanissime
811 1561 873 1610 ab
911 1562 1087 1627 iniquis
1126 1562 1401 1609 universum
1442 1561 1680 1627 populum
1721 1559 1854 1623 regni

429 1639 705 1705 (praesertim
734 1641 991 1706 provinciae
1029 1640 1359 1702 Normanniae‚
1401 1649 1544 1702 atque
1566 1638 1711 1686 etiam
1743 1653 1853 1702 per-

425 1718 629 1783 amplius
655 1728 827 1765 nostrae
858 1718 1095 1781 dioecesis)
1128 1717 1337 1783 opprimi
1359 1726 1407 1763 et
1426 1716 1625 1764 lacerari
1645 1715 1696 1762 in
1719 1714 1854 1762 omni

424 1795 680 1842 hominum
701 1806 842 1856 statu,
873 1795 1023 1860 gradu
1054 1805 1102 1842 et
1126 1794 1320 1855 ordine,
1344 1808 1652 1856 omnemque,
1674 1791 1712 1838 si
1736 1791 1854 1855 quid

425 1873 583 1921 adhuc
617 1890 674 1921 ex
708 1872 949 1939 prioribus
987 1873 1247 1937 tyrannicis
1279 1869 1671 1936 usurpationibus
1712 1879 1854 1934 atque

426 1951 816 2017 oppressionibus
837 1952 1058 2000 relictum
1080 1968 1180 1999 esse
1202 1960 1448 2017 potuerat,
1474 1948 1671 1998 cuilibet
1695 1948 1853 1996 homi-

425 2046 544 2076 num
583 2031 724 2077 statui
754 2030 874 2095 eripi
911 2029 1204 2091 libertatem,
1246 2039 1292 2076 et
1329 2044 1498 2076 omnes
1530 2025 1855 2074 indifferenter

425 2106 683 2156 miserabili
721 2107 938 2156 addictos
961 2107 1173 2156 servituti
1190 2144 1203 2169 ‚
1241 2115 1425 2154 tantam
1449 2104 1728 2168 injustitiam
1749 2113 1853 2151 tan-

425 2194 590 2249 tasque
621 2195 668 2233 et
688 2196 788 2235 tam
813 2201 977 2249 graves
997 2185 1193 2249 injurias
1220 2184 1604 2247 calamitatesque
1637 2180 1854 2248 publicas

427 2273 474 2310 et
509 2263 716 2328 privatas
753 2279 891 2328 aequo
917 2263 1082 2311 animo
1117 2278 1207 2310 nec
1235 2261 1469 2327 perferre,
1497 2277 1586 2308 nec
1616 2260 1778 2309 videre
1806 2270 1853 2314 et

426 2340 602 2387 intueri
622 2350 914 2404 poteramus.

492 2420 663 2464 Fuerat
710 2417 959 2483 provincia
1006 2415 1097 2464 sub
1141 2415 1401 2479 Anglorum
1439 2415 1641 2480 imperio
1655 2449 1668 2474 ,
1718 2422 1853 2462 aetate

427 2504 607 2556 nostra,
633 2496 716 2559 qui
740 2504 922 2543 veteres
943 2494 1104 2542 hostes
1125 2493 1288 2558 patriae
1300 2501 1600 2558 reputantur,
1624 2494 1727 2538 Deo
1750 2507 1854 2556 per-

428 2573 667 2630 mittente,
708 2583 901 2636 regnata
926 2582 974 2620 et
997 2588 1211 2637 possessa
1231 2588 1385 2619 annos
1410 2570 1613 2636 amplius
1641 2569 1846 2634 triginta.

428 2650 615 2708 Quibus
645 2649 1032 2710 decurrentibus,
1067 2650 1255 2714 quantis
1291 2648 1530 2714 completa
1561 2646 1701 2694 fuerit
1731 2645 1853 2694 cala-

429 2729 692 2791 mitatibus,
728 2739 832 2778 tum
864 2729 926 2777 ab
959 2729 1072 2794 ipsis
1103 2727 1327 2793 Anglicis,
1363 2737 1469 2774 tum
1501 2735 1549 2774 et
1583 2723 1788 2776 maxime
1823 2738 1852 2770 a

428 2809 574 2857 Gallis
605 2825 688 2857 eos
720 2808 833 2856 inde
867 2808 1100 2874 expellere
1128 2807 1361 2854 continuo
1391 2802 1678 2853 conantibus
1694 2837 1707 2862 ,
1750 2816 1851 2848 non
