2060 3392
459 303 534 339 288
1028 299 1301 347 APOLOGIA,

457 408 695 455 gassemus
713 401 948 456 quatenus
972 407 1065 437 suae
1090 389 1258 437 liberet
1290 389 1520 453 majestati
1542 387 1682 437 nobis
1701 389 1874 438 horam

454 470 662 534 aliquam
692 468 943 534 praefinire,
982 483 1077 531 qua
1111 467 1330 515 eamdem
1354 466 1495 514 nobis
1528 466 1659 514 adire
1683 465 1870 530 liceret,

454 556 506 593 ut
527 547 713 611 plenius
747 545 1044 593 voluntatem
1069 561 1204 594 suam
1239 560 1602 609 agnosceremus
1637 535 1779 610 super
1797 545 1874 592 his

454 641 558 688 quae
575 641 662 689 per
685 623 842 670 nos‘in
867 623 1002 670 terris
1023 623 1114 671 illis
1135 622 1414 683 Cataloniae‚
1437 621 1499 669 ad
1521 638 1639 686 quas
1660 638 1750 669 nos
1768 621 1874 668 mit-

453 692 604 763 tebat,
639 701 715 764 agi
737 711 785 747 et
811 701 1056 766 procurari
1079 701 1237 762 vellet,
1264 715 1512 763 nunquam
1542 708 1702 747 tamen
1730 715 1874 764 super

452 778 563 838 hoc,
592 777 722 841 quod
747 777 1055 825 humanitatis
1076 793 1160 825 seu
1187 776 1488 841 benignitatis
1519 775 1784 840 quidquam
1805 793 1874 824 re-

452 855 653 916 doleret,
678 871 960 920 responsum
979 855 1110 915 fecit3
1131 855 1214 903 sed
1228 855 1304 902 vel
1323 854 1460 902 vultu
1471 854 1696 902 aliorsum
1711 871 1868 917 verSO,

450 943 635 995 tergum
671 932 734 980 ad
764 949 854 980 nos
884 942 1093 994 mutans,
1118 933 1193 980 vel
1215 933 1272 980 ad
1307 931 1436 980 aliud
1459 932 1758 997 propositum
1779 947 1873 979 ser-

451 1027 648 1057 monem
670 1010 986 1074 detorquens,
1014 1011 1196 1075 absque
1218 1026 1447 1075 responso
1471 1025 1560 1057 nos
1582 1007 1866 1056 dimittebat.

449 1090 544 1134 Nec
568 1097 669 1134 erat
692 1087 860 1150 aliquis
881 1097 980 1135 tam
1005 1088 1187 1135 amicus
1203 1125 1216 1149 ‚
1238 1088 1322 1151 qui
1338 1104 1426 1152 pro
1452 1086 1594 1135 nobis
1623 1087 1782 1151 ipsum
1801 1085 1872 1132 in-

448 1164 744 1230 terpellando
773 1165 1068 1215 intercedere
1082 1152 1232 1212 *ausus
1257 1164 1357 1211 ullo
1377 1163 1526 1211 modo
1552 1163 1739 1225 fuisset,
1760 1162 1872 1210 licet

447 1243 496 1288 in
519 1243 620 1307 ejus
648 1243 848 1290 consilio
880 1243 1188 1308 quamplures
1216 1243 1361 1290 etiam
1382 1242 1443 1289 de
1471 1233 1800 1306 primioribus,
1823 1249 1872 1288 et

446 1321 530 1384 qui
569 1321 748 1385 aliquid
791 1338 930 1386 posse
975 1322 1133 1387 putari
1179 1321 1466 1386 potuissent,
1514 1336 1603 1367 nos
1644 1319 1872 1383 singulari

445 1414 609 1445 amore
630 1408 678 1445 et
698 1398 1022 1447 benivolentia
1044 1399 1298 1464 complecti
1327 1397 1617 1448 viderentur.
1650 1399 1710 1444 Et
1731 1396 1871 1444 nobis

445 1474 646 1539 quippe,
694 1484 749 1521 ut
791 1475 1010 1522 aestimari
1050 1484 1238 1540 poterat
1251 1509 1264 1534 ,
1313 1491 1369 1521 ex
1409 1474 1571 1521 animo
1611 1474 1870 1539 compatie-

444 1550 646 1611 bantur3
679 1551 763 1598 sed
795 1551 1047 1599 subvenire
1075 1561 1219 1616 atque
1244 1568 1388 1616 opem
1411 1550 1531 1598 ferre
1554 1560 1741 1615 poterat
1761 1550 1868 1618 nul-

443 1627 517 1674 lus
544 1646 554 1673 ε
581 1638 767 1676 tantum
788 1645 871 1676 eos
892 1629 1083 1693 tyranni
1115 1638 1270 1676 metus
1296 1627 1599 1691 formidoque
1620 1626 1869 1692 premebat

444 1715 586 1769 atque
609 1705 815 1754 terrebat
834 1704 844 1752 l
965 1704 973 1708 ’

509 1785 672 1847 Itaque
691 1783 778 1830 sub
797 1792 1023 1848 praetextu
1042 1782 1391 1848 prosecutionis
1403 1780 1739 1845 hujuscemodi
1752 1798 1868 1845 pen-

442 1861 588 1907 sionis
627 1861 768 1912 nobis
811 1860 1104 1923 assignandae
1159 1858 1433 1906 cunctando
1489 1869 1537 1905 et
1579 1858 1866 1923 protelando

443 1948 630 2002 tempus
643 1975 656 1999 ,
679 1938 738 1985 de
767 1937 1025 1985 Aurelianis
1048 1937 1110 1985 ad
1134 1937 1313 1987 *urbem
1335 1936 1590 1984 Bituricam
1613 1936 1795 1983 curiam
1819 1946 1868 1984 et

442 2015 712 2077 consilium,
733 2025 781 2062 et
797 2014 1000 2062 subinde
1019 2014 1079 2061 de
1098 2015 1304 2061 Biturica
1324 2013 1442 2060 urbe
1459 2012 1522 2060 ad
1541 2016 1866 2061 Turonensem

442 2108 629 2156 semper
655 2093 805 2140 secuti
825 2092 1038 2139 fuimus¹.
1064 2093 1173 2149 Quo
1197 2108 1308 2139 cum
1333 2091 1626 2138 venissemus
1644 2091 1866 2155 (Turonis

442 2170 636 2234 scilicet)
672 2171 820 2218 altero
860 2170 938 2217 die
977 2179 1234 2235 postquam
1266 2170 1492 2217 dominus
1533 2169 1866 2217 cancellarius'

442 2263 553 2292 cum
590 2247 807 2311 plurimis
847 2247 907 2294 de
945 2247 1145 2294 consilio
1191 2247 1304 2294 illuc
1348 2247 1652 2307 adventarat,
1691 2245 1859 2310 idque,

442 2325 678 2372 nescimus
698 2342 795 2389 quo
818 2326 1083 2387 nuntiante,
1109 2324 1171 2372 ad
1193 2325 1314 2389 regis
1336 2325 1626 2390 pervenisset
1644 2323 1864 2370 notitiam

441 2402 543 2466 (qui
576 2403 625 2448 in
656 2402 896 2449 Moduno'
927 2402 1108 2467 oppido
1138 2402 1292 2450 stabat
1317 2411 1365 2448 et
1386 2402 1488 2464 jam
1513 2399 1681 2447 diebus
1701 2400 1863 2447 multis

493 2515 532 2551 1.
562 2515 616 2550 Le
636 2511 718 2559 roi,
740 2511 877 2550 s'etant
904 2510 1028 2550 rendu
1053 2511 1254 2550 d’Orleans
1279 2513 1301 2549 a
1323 2514 1493 2562 Bourges
1521 2512 1543 2549 a
1573 2510 1610 2549 la
1634 2512 1687 2550 fin
1713 2511 1761 2550 de
1789 2510 1860 2550 de-

437 2573 593 2614 cembre
611 2575 715 2612 1466
729 2604 739 2621 ,
757 2586 798 2612 se
817 2573 889 2611 tint
907 2572 1002 2610 dans
1019 2581 1116 2611 cette
1136 2573 1311 2611 dernicre
1329 2573 1420 2611 ville
1438 2581 1520 2610 tout
1541 2573 1577 2611 le
1597 2574 1694 2612 mois
1712 2573 1761 2612 de
1769 2573 1858 2622 ian-

438 2638 521 2676 vier
538 2645 577 2676 et
592 2649 669 2675 une
688 2635 811 2688 partie
832 2634 880 2672 de
899 2634 1039 2672 sevrier
1061 2637 1180 2673 1467.
1200 2636 1232 2673 Il
1252 2636 1343 2674 etait
1365 2648 1412 2674 en
1431 2634 1621 2673 Touraine
1641 2637 1663 2673 a
1681 2636 1719 2674 la
1738 2636 1790 2674 fin
1808 2635 1857 2674 de

437 2712 564 2746 mars3
586 2697 681 2736 mais
702 2697 739 2735 le
757 2696 902 2735 conseil
925 2696 979 2747 l’y
997 2696 1100 2734 avait
1121 2697 1300 2748 precede.

489 2763 528 2800 2.
559 2760 776 2799 Guillaume
792 2759 979 2798 Jouvenel
999 2759 1066 2798 des
1083 2758 1234 2798 Ursins.

489 2827 526 2862 3.
557 2822 953 2862 Mehun-sur-Yevrffi
