2060 3392
659 274 806 311 LIBER
839 274 1042 313 SEXTUS.
1498 279 1547 316 87

142 377 267 422 rere,
291 377 411 426 quas
429 361 554 435 soliti
576 371 712 409 erant
727 361 877 409 facere
902 361 1136 410 ethabere
1148 362 1199 409 in
1221 362 1356 410 terris
1369 364 1547 427 praefati

141 437 327 487 domini
344 437 497 501 ducis,
521 454 623 487 non
637 438 739 499 sine
759 455 936 503 magno
965 440 1038 488 sui
1072 437 1358 487 detrimento
1371 475 1386 501 ,
1409 441 1549 488 simul

142 515 287 564 etiam
307 532 359 564 se
380 516 560 564 interea
579 516 787 582 privatos
804 516 1103 581 patrimoniis
1127 526 1175 564 et
1191 516 1362 564 annuis
1378 516 1549 565 rediti-

141 591 251 655 bus,
269 609 394 659 quos
411 594 463 642 in
482 593 695 658 ejusdem
726 593 953 659 principis
973 594 1109 642 terris
1140 603 1283 659 atque
1325 593 1551 642 dominiis

142 668 408 731 habebant,
433 670 726 736 collegerunt
744 687 793 718 se
812 687 922 718 cum
943 686 1118 734 magna
1136 670 1438 719 multitudine
1454 671 1549 737 ple-

141 745 220 795 his
246 746 311 796 ad
347 746 605 812 quemdam
642 749 878 813 pontem¹,
901 747 1026 794 circa
1042 758 1335 795 conventum
1357 747 1548 812 Regula-

141 823 290 886 riun,
309 839 462 890 prope
488 834 677 890 portam
707 841 813 889 quae
853 823 996 887 vulgo
1038 825 1307 889 appellatur
1346 825 1552 873 Tollens-

143 900 313 968 ψ’.
328 903 398 950 Ex
415 902 615 950 adverso
633 902 790 950 dictus
807 901 1031 949 dominus
1053 901 1113 948 de
1135 902 1424 964 Monteforti,
1446 919 1557 951 cum

143 979 297 1029 altem
313 977 810 1043 burgimagistrorum⁸
827 988 875 1026 et
911 978 1008 1026 suis
1040 977 1321 1038 fautoribus,
1355 979 1557 1043 college·

142 1066 256 1105 nmt
277 1072 328 1104 se
348 1057 400 1104 in
433 1057 591 1122 platea
634 1073 739 1122 quae
778 1066 849 1104 est
882 1066 993 1104 ante
1030 1054 1234 1104 domum
1264 1058 1555 1119 consulatus,

142 1149 343 1198 eamque
363 1134 599 1183 machinis
613 1144 663 1182 et
681 1133 962 1182 bombardis
987 1133 1312 1195 muniverunt,
1327 1134 1559 1183 fecerunt-

143 1227 240 1277 que
261 1227 546 1277 campanam
582 1211 824 1278 publicam
846 1211 1024 1276 pulsari
1057 1211 1119 1259 ad
1153 1211 1476 1275 colligendum
1496 1213 1558 1261 ad

143 1304 197 1337 se
210 1289 446 1354 populum
466 1288 556 1336 sub
578 1288 750 1336 vexillo
767 1287 984 1349 civitatis,
1006 1303 1065 1335 eo
1090 1287 1239 1335 modo
1258 1303 1356 1351 quo
1389 1289 1439 1335 in
1457 1288 1559 1336 bel-

143 1364 247 1413 licis
265 1365 548 1413 tumultibus
568 1364 670 1413 fieri
691 1365 879 1412 assolet.
907 1366 1015 1421 Qua
1039 1363 1152 1412 satis
1170 1363 1466 1412 horribiliter
1486 1366 1561 1413 in-

145 1451 341 1490 tonante
357 1479 371 1504 ,
398 1458 599 1507 magnus
623 1442 831 1508 populus
854 1451 902 1488 et
928 1440 990 1488 ad
1020 1441 1227 1506 plateam
1242 1477 1257 1503 ,
1277 1451 1325 1488 et
1344 1442 1408 1490 ad
1444 1443 1563 1490 alios

145 1519 312 1579 etiam,
348 1520 432 1584 qui
473 1536 532 1568 ex
566 1520 763 1568 adversa
808 1527 941 1584 parte
982 1517 1261 1580 adstabant,
1309 1519 1557 1567 confluxit.

148 1599 387 1662 Erantque
411 1598 716 1663 quamplures
734 1613 791 1645 ex
812 1594 954 1662 plebe
969 1595 1252 1644 fluctuantes
1269 1605 1412 1660 atque
1428 1596 1565 1644 hm-

146 1685 299 1724 tames
319 1675 382 1724 ad
402 1692 548 1741 quam
566 1676 726 1742 potius
741 1675 948 1741 partium
968 1689 1069 1721 sese
1087 1674 1564 1738 conjungeren13sed

147 1753 402 1801 multitudo
419 1754 573 1818 major
594 1763 642 1801 et
662 1753 945 1818 locupletior
977 1767 1140 1799 versus
1166 1761 1354 1817 portam
1378 1768 1438 1800 se·
1463 1752 1565 1799 col-

149 1829 288 1894 legit:
312 1829 421 1888 ubi,
439 1831 480 1878 si
501 1831 629 1878 illico
651 1829 890 1879 sufficiens
910 1844 1082 1876 manus
1116 1838 1283 1876 coacta
1307 1828 1491 1890 fuisset,
1518 1838 1566 1876 et

149 1907 213 1957 ad
233 1909 564 1974 occupandam
584 1909 791 1974 plateam
812 1917 862 1955 et
878 1907 1079 1955 domum
1111 1907 1386 1955 consulatus
1410 1917 1563 1955 teten-

150 1985 346 2047 dissent,
361 2003 473 2034 cum
490 1986 646 2034 dictus
661 1985 889 2034 dominus
909 1985 971 2033 de
982 1983 1256 2032 Montesorti
1273 1983 1369 2033 illic
1384 1984 1561 2044 adhuc,

151 2061 293 2111 nullis
310 2065 506 2129 stipatus
533 2080 667 2130 paene
691 2061 985 2122 satellitibuS,
1019 2062 1154 2126 quasi
1192 2062 1323 2110 solus
1341 2062 1565 2123 adstaret,

150 2139 331 2205 absque
352 2141 488 2189 nullo⁴
505 2142 697 2206 negotio
716 2140 951 2188 desiderio
969 2155 1058 2187 suo
1076 2139 1215 2204 potiti
1236 2139 1448 2188 fuissent.
1473 2139 1567 2187 Sed

153 2219 312 2266 nacio
330 2235 429 2284 quo
446 2219 667 2279 consilio,
687 2219 737 2266 in
750 2235 809 2266 eo
824 2219 953 2278 loce,
970 2215 1057 2263 ubi
1075 2233 1125 2264 se
1143 2216 1450 2281 collegerant,
1469 2226 1568 2264 tam

154 2293 238 2342 diu
278 2297 617 2358 constiterunt,
640 2296 773 2361 quod
794 2293 1072 2344 adversariis
1092 2292 1189 2340 suis
1212 2295 1418 2360 spatium
1438 2292 1571 2342 suffi-

155 2370 598 2439 denspraebuerunt
631 2374 694 2422 ad
710 2390 760 2421 se
778 2371 1100 2436 colligendum
1118 2371 1168 2418 in
1198 2371 1354 2436 platea
1370 2371 1572 2419 civitatis
1624 2382 1627 2385 ·

158 2456 206 2496 ot
219 2465 326 2498 eum
347 2450 788 2499 communiendam.

226 2528 286 2573 Ut
307 2543 422 2575 vero
445 2528 699 2576 dominum
734 2528 1079 2591 Trajectensem
1113 2534 1197 2573 aut
1224 2525 1433 2589 aliquam
1463 2541 1575 2571 suo-

215 2639 253 2676 ¹.
281 2637 529 2691 Smebrugge.

215 2701 255 2738 2.
283 2703 357 2742 Hs.
382 2703 571 2752 Tolleglaee.

211 2765 254 2824 ’3.
285 2765 357 2800 Jan
376 2776 450 2801 van
469 2766 699 2801 Lanscroen.
