2060 3392
680 291 828 329 mm
853 291 1052 330 tumus.
1505 293 1582 330 ³1⁹

155 379 416 445 aliq-undo
447 379 666 428 notitiam
698 379 995 440 habuerunt3
1024 381 1108 445 qui
1135 396 1235 428 non
1258 380 1409 428 modo
1434 380 1581 430 fidem

155 457 322 505 talium
359 456 822 522 improbissimorum
854 456 1155 505 nebulonum
1191 455 1451 521 figmentis,
1498 459 1581 506 sed

156 550 255 582 neo
277 534 353 583 vel
386 534 634 582 minimam
669 534 731 582 de
767 533 908 582 nobis
939 535 1229 582 contrariam
1262 535 1582 600 suspicionem

157 610 363 676 poinde
380 610 561 659 habere
584 627 668 658 seu
690 612 742 659 in
761 627 869 659 eam
890 611 1067 658 adduci*
1082 622 1358 677 potuerunt.

226 687 366 736 Unde
379 697 428 735 et
443 688 603 753 ipsum
617 704 797 752 regem,
818 689 932 736 licet
950 697 1065 737 tunc
1081 690 1211 750 talia,
1234 706 1339 755 quae
1357 690 1580 752 diximus,

158 766 425 814 ωοοῦσι-ὴ
443 765 610 827 verba,
634 766 921 832 importunis
945 766 1172 814 falsorum
1197 767 1465 815 delatorum
1483 784 1585 832 sug-

159 842 455 908 gestionibus
473 843 684 907 quadam
707 843 838 891 velut
858 844 980 891 furia
1001 860 1247 906 accensus,
1272 862 1372 892 non
1395 845 1585 894 dubita-

159 937 271 969 mus
286 921 544 986 tranquilla
572 931 734 969 mente
755 922 958 969 omnino
984 922 1119 969 aliter
1140 922 1202 969 de
1229 921 1371 970 nobis
1392 924 1581 970 sentire.

161 1002 283 1048 Nam
302 1009 351 1047 et
370 1015 500 1061 cum,
519 1009 629 1065 post
649 999 1087 1047 reconciliationem
1110 1000 1324 1063 germani
1342 1001 1433 1062 sui,
1452 1000 1587 1048 ducis

160 1075 448 1140 Aquitaniae,
477 1076 539 1123 ad
564 1093 614 1123 se
638 1076 833 1124 modico
861 1077 972 1124 satis
997 1085 1107 1141 post
1129 1085 1349 1141 tempore
1369 1077 1584 1139 factam¹‚

161 1169 254 1220 pto
275 1152 418 1202 nobis
438 1154 538 1216 regi
566 1170 743 1218 magno
767 1170 879 1201 cum
900 1153 1074 1201 affectu
1096 1152 1245 1201 verba
1269 1155 1415 1201 semel
1445 1164 1589 1219 atque

163 1231 355 1294 heum,
378 1247 471 1296 pro
491 1247 578 1279 sua
597 1232 779 1295 ingenti
803 1231 866 1279 ad
891 1248 981 1279 nos
1002 1231 1220 1291 caritate,
1246 1232 1348 1297 ipse
1367 1232 1590 1279 illustris-

163 1308 311 1358 simus
331 1308 430 1356 dux
459 1309 649 1370 saoeret‚
673 1326 881 1374 eumque
903 1309 1212 1357 vehementer
1232 1321 1491 1375 premeret,
1518 1311 1590 1358 di-

164 1402 281 1435 cens
305 1403 360 1434 se
385 1386 522 1434 nullo
540 1386 690 1434 modo
712 1387 976 1452 plenariam
999 1396 1213 1434 nostram
1240 1388 1590 1436 restitutionem

165 1464 380 1514 abunere
410 1481 579 1530 posse,
604 1481 751 1530 quam
780 1464 872 1511 sibi
904 1465 954 1511 in
982 1464 1160 1512 soedere
1190 1466 1590 1515 reconciliationis

164 1541 488 1607 plenissimam
506 1557 596 1607 pro
615 1541 840 1590 omnibus
856 1542 939 1606 qui
950 1541 1165 1607 partibus
1177 1543 1274 1590 suis
1287 1543 1591 1592 adhaesissent

165 1619 242 1668 vel
261 1619 505 1681 favissent,
532 1637 582 1667 se
607 1620 843 1668 facturum
875 1630 1175 1668 sacramento
1206 1620 1477 1683 firmasset',
1507 1640 1589 1670 rex

166 1696 230 1745 ch
257 1696 535 1762 hujusmodi
567 1697 618 1744 in
651 1714 820 1745 necem
848 1698 950 1761 ejus
982 1697 1338 1746 machinatione
1360 1716 1451 1747 nec
1474 1710 1592 1748 tune

167 1789 258 1821 nee
279 1784 447 1839 postea
473 1773 677 1822 verbum
713 1775 866 1822 ullum
879 1810 891 1833 ‚
925 1775 1059 1839 quod
1091 1791 1232 1823 nosse
1266 1778 1587 1841 potuerimus,

170 1849 296 1912 feeit,
312 1851 425 1899 licet
440 1852 786 1900 restitutionem
808 1851 951 1899 nobis
968 1852 1120 1900 facere
1136 1853 1302 1916 (quam
1319 1854 1449 1901 idem
1465 1855 1594 1902 illus-

169 1927 401 1976 trsssimus
419 1928 517 1976 dux
547 1929 661 1976 totis
694 1928 1074 1994 prosequebatur
1101 1929 1307 1993 viribus,
1335 1933 1594 1980 certissime

169 2022 467 2069 cognoscens
489 2007 563 2054 sui
596 2007 744 2054 solius
774 2023 917 2055 causa
950 2007 1072 2070 regis
1101 2023 1191 2055 nos
1219 2008 1488 2072 inimicitias
1517 2010 1592 2056 in·

169 2083 392 2145 currisse,
415 2093 464 2131 et
496 2100 692 2131 omnem
723 2099 871 2147 quam
902 2083 1198 2132 subieramus
1232 2086 1592 2152 proscriptionis

170 2160 395 2225 injuriam
419 2161 757 2227 bonorumque
781 2163 1015 2227 jacturam
1038 2164 1111 2212 sui
1139 2165 1287 2228 gratia
1317 2166 1458 2214 fuisse
1488 2183 1594 2232 per-

170 2238 357 2305 μοοε)
373 2241 746 2305 pertinacissime
776 2241 1025 2303 recusarit,
1056 2258 1156 2290 non
1189 2243 1366 2291 veritus
1395 2253 1494 2292 tam
1519 2261 1593 2291 so-

171 2315 391 2366 h-niter
418 2333 448 2366 a
474 2334 529 2365 se
553 2318 787 2383 promissa
813 2328 860 2366 et
887 2329 1184 2367 sacramento
1211 2319 1462 2386 roborata,
1491 2337 1591 2368 non

230 2545 271 2583 ι.
299 2546 363 2583 ιιι
378 2543 475 2585 mois
495 2543 545 2584 de
566 2543 783 2597 septembre
796 2531 924 2586 44⁶9.

230 2607 270 2645 Ξ.
299 2606 474 2646 Auusion
491 2608 514 2644 a
530 2605 743 2647 l’abolition
765 2607 945 2660 generale
961 2622 1037 2661 que.
1055 2608 1093 2648 le
1111 2608 1172 2649 roi
1191 2609 1358 2649 aocorda
1376 2623 1455 2648 aux
1473 2609 1590 2648 adhe-

178 2675 283 2708 rents
301 2668 355 2708 du
375 2668 578 2709 ci-devant
608 2669 683 2709 duc
706 2670 755 2711 de
778 2672 1032 2719 Normandie,
1060 2685 1130 2725 par
1148 2672 1278 2711 lettres
1302 2680 1474 2725 patentes
1491 2671 1592 2710 don-

177 2733 270 2772 nees
281 2733 463 2786 &Beauge
474 2745 525 2771 au
537 2732 632 2771 mois
646 2732 694 2772 de
713 2733 788 2771 mai
803 2737 820 2772 1
829 2735 921 2773 469,
939 2734 1356 2786 Lenglet-Dusresnoy,
1368 2736 1589 2781 commines,

179 2804 208 2834 t.
229 2798 303 2844 111,
324 2809 365 2848 p.
390 2797 481 2834 103.
