<?xml version="1.0" encoding="UTF-8"?>
<!DOCTYPE html PUBLIC "-//W3C//DTD XHTML 1.0 Transitional//EN"
    "http://www.w3.org/TR/xhtml1/DTD/xhtml1-transitional.dtd">
<html xmlns="http://www.w3.org/1999/xhtml" xml:lang="en" lang="en">
 <head>
  <title>
</title>
<meta http-equiv="Content-Type" content="text/html;charset=utf-8" />
  <meta name='ocr-system' content='tesseract 3.04.00' />
  <meta name='ocr-capabilities' content='ocr_page ocr_carea ocr_par ocr_line ocrx_word'/>
</head>
<body>
  <div class='ocr_page' id='page_1' title='image "./histoiredesrgn03basiuoft_0073.png"; bbox 0 0 2060 3392; ppageno 0'>
   <div class='ocr_carea' id='block_1_1' title="bbox 670 270 1584 310">
    <p class='ocr_par' dir='ltr' id='par_1_1' title="bbox 670 270 1584 310">
     <span class='ocr_line' id='line_1_1' title="bbox 670 270 1584 310; baseline 0.002 -2"><span class='ocrx_word' id='word_1_1' title='bbox 670 272 821 309; x_wconf 70' lang='lat' dir='ltr'>LIBER</span> <span class='ocrx_word' id='word_1_2' title='bbox 860 270 1066 309; x_wconf 80' lang='lat' dir='ltr'>SEXTUS.</span> <span class='ocrx_word' id='word_1_3' title='bbox 1534 274 1584 310; x_wconf 77' lang='lat'><strong>23</strong></span> 
     </span>
    </p>
   </div>
   <div class='ocr_carea' id='block_1_2' title="bbox 169 359 1591 503">
    <p class='ocr_par' dir='ltr' id='par_1_2' title="bbox 169 359 1591 503">
     <span class='ocr_line' id='line_1_2' title="bbox 235 359 1590 426; baseline -0.001 -15"><span class='ocrx_word' id='word_1_4' title='bbox 235 365 474 413; x_wconf 68' lang='lat' dir='ltr'><strong>numum</strong></span> <span class='ocrx_word' id='word_1_5' title='bbox 482 361 662 426; x_wconf 77' lang='lat' dir='ltr'>quippe</span> <span class='ocrx_word' id='word_1_6' title='bbox 674 359 972 422; x_wconf 83' lang='lat' dir='ltr'><strong>Burgundiae,</strong></span> <span class='ocrx_word' id='word_1_7' title='bbox 990 375 1101 407; x_wconf 90' lang='lat' dir='ltr'><strong>cum</strong></span> <span class='ocrx_word' id='word_1_8' title='bbox 1118 359 1422 407; x_wconf 86' lang='lat' dir='ltr'><strong>comitatibus</strong></span> <span class='ocrx_word' id='word_1_9' title='bbox 1433 361 1590 409; x_wconf 88' lang='lat' dir='ltr'><strong>Matis-</strong></span> 
     </span>
     <span class='ocr_line' id='line_1_3' title="bbox 169 435 1591 503; baseline -0.004 -14"><span class='ocrx_word' id='word_1_10' title='bbox 169 439 364 489; x_wconf 75' lang='lat' dir='ltr'><strong>conensi</strong></span> <span class='ocrx_word' id='word_1_11' title='bbox 388 449 437 487; x_wconf 88' lang='lat' dir='ltr'><strong>et</strong></span> <span class='ocrx_word' id='word_1_12' title='bbox 457 436 866 497; x_wconf 83' lang='lat' dir='ltr'><strong>Autissiodorensi,</strong></span> <span class='ocrx_word' id='word_1_13' title='bbox 890 436 991 500; x_wconf 89' lang='lat' dir='ltr'><strong>jam</strong></span> <span class='ocrx_word' id='word_1_14' title='bbox 1012 437 1062 484; x_wconf 91' lang='lat' dir='ltr'><strong>in</strong></span> <span class='ocrx_word' id='word_1_15' title='bbox 1084 435 1376 485; x_wconf 88' lang='lat' dir='ltr'><strong>deditionem</strong></span> <span class='ocrx_word' id='word_1_16' title='bbox 1397 453 1591 503; x_wconf 86' lang='lat' dir='ltr'><strong>recepe-</strong></span> 
     </span>
    </p>
   </div>
   <div class='ocr_carea' id='block_1_3' title="bbox 89 513 1592 582">
    <p class='ocr_par' dir='ltr' id='par_1_3' title="bbox 89 513 1592 582">
     <span class='ocr_line' id='line_1_4' title="bbox 89 513 1592 582; baseline -0.002 -16"><span class='ocrx_word' id='word_1_17' title='bbox 89 513 94 516; x_wconf 59' lang='grc'>’</span> <span class='ocrx_word' id='word_1_18' title='bbox 170 519 287 567; x_wconf 61' lang='grc' dir='ltr'><strong>ναῖ’.</strong></span> <span class='ocrx_word' id='word_1_19' title='bbox 312 517 381 565; x_wconf 75' lang='lat' dir='ltr'><strong>Ad</strong></span> <span class='ocrx_word' id='word_1_20' title='bbox 401 532 521 582; x_wconf 81' lang='lat' dir='ltr'><strong>quas</strong></span> <span class='ocrx_word' id='word_1_21' title='bbox 541 525 689 564; x_wconf 86' lang='lat' dir='ltr'><strong>terras</strong></span> <span class='ocrx_word' id='word_1_22' title='bbox 709 514 962 562; x_wconf 90' lang='lat' dir='ltr'><strong>dominum</strong></span> <span class='ocrx_word' id='word_1_23' title='bbox 985 514 1047 562; x_wconf 93' lang='lat' dir='ltr'><strong>de</strong></span> <span class='ocrx_word' id='word_1_24' title='bbox 1072 516 1261 562; x_wconf 83' lang='lat' dir='ltr'><strong>Craon’</strong></span> <span class='ocrx_word' id='word_1_25' title='bbox 1278 531 1391 562; x_wconf 93' lang='lat' dir='ltr'><strong>cum</strong></span> <span class='ocrx_word' id='word_1_26' title='bbox 1415 517 1592 564; x_wconf 88' lang='lat' dir='ltr'><strong>caeteris</strong></span> 
     </span>
    </p>
   </div>
   <div class='ocr_carea' id='block_1_4' title="bbox 169 593 1601 2290">
    <p class='ocr_par' dir='ltr' id='par_1_4' title="bbox 169 593 1599 1497">
     <span class='ocr_line' id='line_1_5' title="bbox 170 593 1587 658; baseline -0.001 -14"><span class='ocrx_word' id='word_1_27' title='bbox 170 594 274 644; x_wconf 75' lang='lat' dir='ltr'><strong>aliis</strong></span> <span class='ocrx_word' id='word_1_28' title='bbox 299 593 503 650; x_wconf 85' lang='lat' dir='ltr'><strong>ducibus</strong></span> <span class='ocrx_word' id='word_1_29' title='bbox 524 603 571 641; x_wconf 89' lang='lat' dir='ltr'><strong>et</strong></span> <span class='ocrx_word' id='word_1_30' title='bbox 591 602 726 658; x_wconf 85' lang='lat' dir='ltr'><strong>parte</strong></span> <span class='ocrx_word' id='word_1_31' title='bbox 754 606 949 641; x_wconf 85' lang='lat' dir='ltr'><strong>suarum</strong></span> <span class='ocrx_word' id='word_1_32' title='bbox 969 594 1218 658; x_wconf 83' lang='lat' dir='ltr'><strong>copiarum</strong></span> <span class='ocrx_word' id='word_1_33' title='bbox 1238 602 1349 640; x_wconf 86' lang='lat' dir='ltr'><strong>ante</strong></span> <span class='ocrx_word' id='word_1_34' title='bbox 1370 593 1587 654; x_wconf 81' lang='lat' dir='ltr'><strong>miserat3</strong></span> 
     </span>
     <span class='ocr_line' id='line_1_6' title="bbox 170 669 1594 732; baseline -0.001 -12"><span class='ocrx_word' id='word_1_35' title='bbox 170 681 220 732; x_wconf 71' lang='lat' dir='ltr'><strong>et</strong></span> <span class='ocrx_word' id='word_1_36' title='bbox 240 688 355 720; x_wconf 83' lang='lat' dir='ltr'><strong>cum</strong></span> <span class='ocrx_word' id='word_1_37' title='bbox 374 671 498 720; x_wconf 81' lang='lat' dir='ltr'><strong>illius</strong></span> <span class='ocrx_word' id='word_1_38' title='bbox 518 681 652 718; x_wconf 88' lang='lat' dir='ltr'><strong>terrae</strong></span> <span class='ocrx_word' id='word_1_39' title='bbox 666 669 842 717; x_wconf 82' lang='lat' dir='ltr'><strong>accolae</strong></span> <span class='ocrx_word' id='word_1_40' title='bbox 868 686 1111 717; x_wconf 86' lang='lat' dir='ltr'><strong>accessum</strong></span> <span class='ocrx_word' id='word_1_41' title='bbox 1132 669 1336 718; x_wconf 89' lang='lat' dir='ltr'><strong>liberum</strong></span> <span class='ocrx_word' id='word_1_42' title='bbox 1363 669 1427 718; x_wconf 90' lang='lat' dir='ltr'><strong>ad</strong></span> <span class='ocrx_word' id='word_1_43' title='bbox 1447 680 1594 720; x_wconf 87' lang='lat' dir='ltr'><strong>terras</strong></span> 
     </span>
     <span class='ocr_line' id='line_1_7' title="bbox 171 747 1593 813; baseline -0.001 -15"><span class='ocrx_word' id='word_1_44' title='bbox 171 749 403 798; x_wconf 76' lang='lat' dir='ltr'><strong>Flandriae</strong></span> <span class='ocrx_word' id='word_1_45' title='bbox 432 749 642 812; x_wconf 79' lang='lat' dir='ltr'><strong>aliasque</strong></span> <span class='ocrx_word' id='word_1_46' title='bbox 676 747 923 794; x_wconf 87' lang='lat' dir='ltr'><strong>inferiores</strong></span> <span class='ocrx_word' id='word_1_47' title='bbox 951 747 1130 795; x_wconf 89' lang='lat' dir='ltr'><strong>habere</strong></span> <span class='ocrx_word' id='word_1_48' title='bbox 1153 764 1254 795; x_wconf 90' lang='lat' dir='ltr'><strong>non</strong></span> <span class='ocrx_word' id='word_1_49' title='bbox 1282 757 1501 813; x_wconf 84' lang='lat' dir='ltr'><strong>possent,</strong></span> <span class='ocrx_word' id='word_1_50' title='bbox 1535 765 1593 796; x_wconf 87' lang='lat' dir='ltr'><strong>eo</strong></span> 
     </span>
     <span class='ocr_line' id='line_1_8' title="bbox 171 820 1596 894; baseline -0.001 -17"><span class='ocrx_word' id='word_1_51' title='bbox 171 827 308 894; x_wconf 79' lang='lat' dir='ltr'><strong>quod</strong></span> <span class='ocrx_word' id='word_1_52' title='bbox 322 826 632 889; x_wconf 82' lang='lat' dir='ltr'><strong>Lotharingia</strong></span> <span class='ocrx_word' id='word_1_53' title='bbox 644 835 692 873; x_wconf 87' lang='lat' dir='ltr'><strong>et</strong></span> <span class='ocrx_word' id='word_1_54' title='bbox 713 825 815 873; x_wconf 88' lang='lat' dir='ltr'><strong>aliae</strong></span> <span class='ocrx_word' id='word_1_55' title='bbox 838 820 1130 874; x_wconf 75' lang='lat' dir='ltr'><strong>intermediae</strong></span> <span class='ocrx_word' id='word_1_56' title='bbox 1146 836 1281 873; x_wconf 86' lang='lat' dir='ltr'><strong>terrae</strong></span> <span class='ocrx_word' id='word_1_57' title='bbox 1299 825 1476 874; x_wconf 82' lang='lat' dir='ltr'><strong>eisdem</strong></span> <span class='ocrx_word' id='word_1_58' title='bbox 1486 827 1596 875; x_wconf 87' lang='lat' dir='ltr'><strong>hos-</strong></span> 
     </span>
     <span class='ocr_line' id='line_1_9' title="bbox 169 904 1595 968; baseline -0.001 -13"><span class='ocrx_word' id='word_1_59' title='bbox 169 906 275 961; x_wconf 78' lang='lat' dir='ltr'><strong>tiles</strong></span> <span class='ocrx_word' id='word_1_60' title='bbox 294 915 454 967; x_wconf 79' lang='lat' dir='ltr'><strong>erant,</strong></span> <span class='ocrx_word' id='word_1_61' title='bbox 473 914 521 952; x_wconf 89' lang='lat' dir='ltr'><strong>et</strong></span> <span class='ocrx_word' id='word_1_62' title='bbox 540 904 607 952; x_wconf 89' lang='lat' dir='ltr'><strong>ita</strong></span> <span class='ocrx_word' id='word_1_63' title='bbox 639 905 877 951; x_wconf 87' lang='lat' dir='ltr'><strong>nescirent</strong></span> <span class='ocrx_word' id='word_1_64' title='bbox 897 921 1001 968; x_wconf 84' lang='lat' dir='ltr'><strong>quae</strong></span> <span class='ocrx_word' id='word_1_65' title='bbox 1026 905 1075 952; x_wconf 92' lang='lat' dir='ltr'><strong>in</strong></span> <span class='ocrx_word' id='word_1_66' title='bbox 1097 905 1318 953; x_wconf 90' lang='lat' dir='ltr'><strong>Flandria</strong></span> <span class='ocrx_word' id='word_1_67' title='bbox 1335 914 1382 952; x_wconf 89' lang='lat' dir='ltr'><strong>et</strong></span> <span class='ocrx_word' id='word_1_68' title='bbox 1406 905 1595 954; x_wconf 86' lang='lat' dir='ltr'><strong>inferio-</strong></span> 
     </span>
     <span class='ocr_line' id='line_1_10' title="bbox 171 982 1595 1048; baseline 0.001 -17"><span class='ocrx_word' id='word_1_69' title='bbox 171 983 304 1031; x_wconf 86' lang='lat' dir='ltr'><strong>ribus</strong></span> <span class='ocrx_word' id='word_1_70' title='bbox 317 983 455 1032; x_wconf 85' lang='lat' dir='ltr'><strong>terris</strong></span> <span class='ocrx_word' id='word_1_71' title='bbox 470 992 748 1048; x_wconf 84' lang='lat' dir='ltr'><strong>gererentur</strong></span> <span class='ocrx_word' id='word_1_72' title='bbox 758 982 998 1045; x_wconf 84' lang='lat' dir='ltr'><strong>(suggesto</strong></span> <span class='ocrx_word' id='word_1_73' title='bbox 1010 983 1078 1029; x_wconf 88' lang='lat' dir='ltr'><strong>eis</strong></span> <span class='ocrx_word' id='word_1_74' title='bbox 1092 998 1179 1047; x_wconf 84' lang='lat' dir='ltr'><strong>per</strong></span> <span class='ocrx_word' id='word_1_75' title='bbox 1197 983 1351 1046; x_wconf 84' lang='lat' dir='ltr'><strong>regios</strong></span> <span class='ocrx_word' id='word_1_76' title='bbox 1362 983 1495 1046; x_wconf 91' lang='lat' dir='ltr'><strong>quod</strong></span> <span class='ocrx_word' id='word_1_77' title='bbox 1515 1001 1595 1032; x_wconf 81' lang='lat' dir='ltr'><strong>rex</strong></span> 
     </span>
     <span class='ocr_line' id='line_1_11' title="bbox 171 1052 1596 1126; baseline -0.001 -16"><span class='ocrx_word' id='word_1_78' title='bbox 171 1052 284 1110; x_wconf 83' lang='lat' dir='ltr'><strong>cum</strong></span> <span class='ocrx_word' id='word_1_79' title='bbox 298 1077 385 1109; x_wconf 89' lang='lat' dir='ltr'><strong>sua</strong></span> <span class='ocrx_word' id='word_1_80' title='bbox 401 1060 683 1126; x_wconf 85' lang='lat' dir='ltr'><strong>principissa</strong></span> <span class='ocrx_word' id='word_1_81' title='bbox 694 1058 873 1107; x_wconf 84' lang='lat' dir='ltr'><strong>foedera</strong></span> <span class='ocrx_word' id='word_1_82' title='bbox 884 1058 1081 1107; x_wconf 82' lang='lat' dir='ltr'><strong>haberet</strong></span> <span class='ocrx_word' id='word_1_83' title='bbox 1093 1097 1105 1121; x_wconf 93' lang='lat'><strong>,</strong></span> <span class='ocrx_word' id='word_1_84' title='bbox 1127 1060 1323 1125; x_wconf 87' lang='lat' dir='ltr'><strong>ejusque</strong></span> <span class='ocrx_word' id='word_1_85' title='bbox 1337 1070 1484 1109; x_wconf 88' lang='lat' dir='ltr'><strong>terras</strong></span> <span class='ocrx_word' id='word_1_86' title='bbox 1498 1061 1596 1125; x_wconf 87' lang='lat' dir='ltr'><strong>jam</strong></span> 
     </span>
     <span class='ocr_line' id='line_1_12' title="bbox 172 1137 1599 1202; baseline -0.001 -15"><span class='ocrx_word' id='word_1_87' title='bbox 172 1138 263 1187; x_wconf 82' lang='lat' dir='ltr'><strong>sub</strong></span> <span class='ocrx_word' id='word_1_88' title='bbox 285 1153 435 1186; x_wconf 87' lang='lat' dir='ltr'><strong>manu</strong></span> <span class='ocrx_word' id='word_1_89' title='bbox 459 1154 516 1185; x_wconf 93' lang='lat' dir='ltr'><strong>ac</strong></span> <span class='ocrx_word' id='word_1_90' title='bbox 534 1147 764 1202; x_wconf 79' lang='lat' dir='ltr'><strong>potestate</strong></span> <span class='ocrx_word' id='word_1_91' title='bbox 784 1153 869 1184; x_wconf 88' lang='lat' dir='ltr'><strong>sua</strong></span> <span class='ocrx_word' id='word_1_92' title='bbox 890 1137 1110 1200; x_wconf 87' lang='lat' dir='ltr'><strong>teneret),</strong></span> <span class='ocrx_word' id='word_1_93' title='bbox 1128 1137 1193 1185; x_wconf 90' lang='lat' dir='ltr'><strong>ita</strong></span> <span class='ocrx_word' id='word_1_94' title='bbox 1211 1153 1311 1185; x_wconf 86' lang='lat' dir='ltr'><strong>esse</strong></span> <span class='ocrx_word' id='word_1_95' title='bbox 1330 1138 1599 1186; x_wconf 84' lang='lat' dir='ltr'><strong>existiman-</strong></span> 
     </span>
     <span class='ocr_line' id='line_1_13' title="bbox 174 1206 1598 1280; baseline -0.001 -16"><span class='ocrx_word' id='word_1_96' title='bbox 174 1226 263 1278; x_wconf 70' lang='lat' dir='ltr'><strong>tes,</strong></span> <span class='ocrx_word' id='word_1_97' title='bbox 288 1206 356 1264; x_wconf 74' lang='lat' dir='ltr'><strong>&#39;eo</strong></span> <span class='ocrx_word' id='word_1_98' title='bbox 378 1215 511 1280; x_wconf 91' lang='lat' dir='ltr'><strong>quod</strong></span> <span class='ocrx_word' id='word_1_99' title='bbox 550 1215 612 1262; x_wconf 91' lang='lat' dir='ltr'><strong>de</strong></span> <span class='ocrx_word' id='word_1_100' title='bbox 645 1214 945 1280; x_wconf 80' lang='lat' dir='ltr'><strong>opponenda</strong></span> <span class='ocrx_word' id='word_1_101' title='bbox 973 1215 1069 1277; x_wconf 89' lang='lat' dir='ltr'><strong>regi</strong></span> <span class='ocrx_word' id='word_1_102' title='bbox 1108 1216 1372 1263; x_wconf 87' lang='lat' dir='ltr'><strong>resistentia</strong></span> <span class='ocrx_word' id='word_1_103' title='bbox 1404 1232 1598 1280; x_wconf 91' lang='lat' dir='ltr'><strong>prorsus</strong></span> 
     </span>
     <span class='ocr_line' id='line_1_14' title="bbox 174 1293 1598 1360; baseline -0.001 -17"><span class='ocrx_word' id='word_1_104' title='bbox 174 1293 492 1360; x_wconf 77' lang='lat' dir='ltr'><strong>desperabant</strong></span> <span class='ocrx_word' id='word_1_105' title='bbox 506 1329 518 1350; x_wconf 94' lang='lat'><strong>,</strong></span> <span class='ocrx_word' id='word_1_106' title='bbox 547 1293 808 1340; x_wconf 89' lang='lat' dir='ltr'><strong>nescientes</strong></span> <span class='ocrx_word' id='word_1_107' title='bbox 829 1293 947 1357; x_wconf 93' lang='lat' dir='ltr'><strong>quid</strong></span> <span class='ocrx_word' id='word_1_108' title='bbox 970 1293 1272 1340; x_wconf 88' lang='lat' dir='ltr'><strong>commodius</strong></span> <span class='ocrx_word' id='word_1_109' title='bbox 1294 1293 1448 1341; x_wconf 87' lang='lat' dir='ltr'><strong>facere</strong></span> <span class='ocrx_word' id='word_1_110' title='bbox 1490 1310 1598 1359; x_wconf 83' lang='lat' dir='ltr'><strong>pos-</strong></span> 
     </span>
     <span class='ocr_line' id='line_1_15' title="bbox 173 1370 1597 1434; baseline 0 -15"><span class='ocrx_word' id='word_1_111' title='bbox 173 1378 297 1432; x_wconf 79' lang='lat' dir='ltr'><strong>sent,</strong></span> <span class='ocrx_word' id='word_1_112' title='bbox 307 1371 391 1418; x_wconf 84' lang='lat' dir='ltr'><strong>tali</strong></span> <span class='ocrx_word' id='word_1_113' title='bbox 404 1370 702 1419; x_wconf 73' lang='lat' dir='ltr'><strong>vati-amento</strong></span> <span class='ocrx_word' id='word_1_114' title='bbox 718 1370 1050 1430; x_wconf 89' lang='lat' dir='ltr'><strong>circumventi,</strong></span> <span class='ocrx_word' id='word_1_115' title='bbox 1065 1378 1378 1434; x_wconf 86' lang='lat' dir='ltr'><strong>spontaneam</strong></span> <span class='ocrx_word' id='word_1_116' title='bbox 1391 1370 1597 1419; x_wconf 86' lang='lat' dir='ltr'><strong>fecerant</strong></span> 
     </span>
     <span class='ocr_line' id='line_1_16' title="bbox 174 1433 760 1497; baseline -0.007 0"><span class='ocrx_word' id='word_1_117' title='bbox 174 1448 277 1497; x_wconf 78' lang='lat' dir='ltr'><strong>sine</strong></span> <span class='ocrx_word' id='word_1_118' title='bbox 298 1433 427 1496; x_wconf 72' lang='lat' dir='ltr'><strong>bello</strong></span> <span class='ocrx_word' id='word_1_119' title='bbox 448 1447 760 1495; x_wconf 88' lang='lat' dir='ltr'><strong>deditionem.</strong></span> 
     </span>
    </p>

    <p class='ocr_par' dir='ltr' id='par_1_5' title="bbox 174 1524 1601 2290">
     <span class='ocr_line' id='line_1_17' title="bbox 239 1524 1597 1589; baseline 0 -15"><span class='ocrx_word' id='word_1_120' title='bbox 239 1525 334 1574; x_wconf 85' lang='lat' dir='ltr'><strong>Sed</strong></span> <span class='ocrx_word' id='word_1_121' title='bbox 357 1542 471 1573; x_wconf 90' lang='lat' dir='ltr'><strong>cum</strong></span> <span class='ocrx_word' id='word_1_122' title='bbox 495 1525 667 1573; x_wconf 84' lang='lat' dir='ltr'><strong>veritas</strong></span> <span class='ocrx_word' id='word_1_123' title='bbox 687 1541 847 1572; x_wconf 87' lang='lat' dir='ltr'><strong>rerum</strong></span> <span class='ocrx_word' id='word_1_124' title='bbox 869 1541 973 1589; x_wconf 87' lang='lat' dir='ltr'><strong>quae</strong></span> <span class='ocrx_word' id='word_1_125' title='bbox 997 1524 1301 1588; x_wconf 86' lang='lat' dir='ltr'><strong>gerebantur,</strong></span> <span class='ocrx_word' id='word_1_126' title='bbox 1331 1525 1407 1572; x_wconf 92' lang='lat' dir='ltr'><strong>his</strong></span> <span class='ocrx_word' id='word_1_127' title='bbox 1429 1525 1489 1573; x_wconf 89' lang='lat' dir='ltr'><strong>de</strong></span> <span class='ocrx_word' id='word_1_128' title='bbox 1517 1543 1597 1574; x_wconf 90' lang='lat' dir='ltr'><strong>co-</strong></span> 
     </span>
     <span class='ocr_line' id='line_1_18' title="bbox 175 1602 1595 1669; baseline -0.001 -15"><span class='ocrx_word' id='word_1_129' title='bbox 175 1605 344 1655; x_wconf 76' lang='lat' dir='ltr'><strong>mitatu</strong></span> <span class='ocrx_word' id='word_1_130' title='bbox 364 1602 647 1666; x_wconf 80' lang='lat' dir='ltr'><strong>Burgundiae</strong></span> <span class='ocrx_word' id='word_1_131' title='bbox 673 1619 758 1667; x_wconf 89' lang='lat' dir='ltr'><strong>per</strong></span> <span class='ocrx_word' id='word_1_132' title='bbox 780 1604 1047 1669; x_wconf 69' lang='lat' dir='ltr'><strong>Germanos</strong></span> <span class='ocrx_word' id='word_1_133' title='bbox 1078 1602 1261 1650; x_wconf 86' lang='lat' dir='ltr'><strong>vicinos</strong></span> <span class='ocrx_word' id='word_1_134' title='bbox 1289 1603 1595 1666; x_wconf 84' lang='lat' dir='ltr'><strong>innotuisset,</strong></span> 
     </span>
     <span class='ocr_line' id='line_1_19' title="bbox 175 1679 1599 1746; baseline 0.001 -18"><span class='ocrx_word' id='word_1_135' title='bbox 175 1683 298 1746; x_wconf 84' lang='lat' dir='ltr'><strong>regi,</strong></span> <span class='ocrx_word' id='word_1_136' title='bbox 320 1696 381 1728; x_wconf 90' lang='lat' dir='ltr'><strong>ne</strong></span> <span class='ocrx_word' id='word_1_137' title='bbox 399 1680 490 1728; x_wconf 83' lang='lat' dir='ltr'><strong>sub</strong></span> <span class='ocrx_word' id='word_1_138' title='bbox 507 1680 610 1744; x_wconf 85' lang='lat' dir='ltr'><strong>ejus</strong></span> <span class='ocrx_word' id='word_1_139' title='bbox 627 1695 776 1727; x_wconf 89' lang='lat' dir='ltr'><strong>manu</strong></span> <span class='ocrx_word' id='word_1_140' title='bbox 796 1679 1078 1727; x_wconf 83' lang='lat' dir='ltr'><strong>devenirent</strong></span> <span class='ocrx_word' id='word_1_141' title='bbox 1089 1718 1101 1739; x_wconf 92' lang='lat'>‚</span> <span class='ocrx_word' id='word_1_142' title='bbox 1117 1680 1304 1728; x_wconf 89' lang='lat' dir='ltr'><strong>animos</strong></span> <span class='ocrx_word' id='word_1_143' title='bbox 1315 1690 1458 1744; x_wconf 89' lang='lat' dir='ltr'><strong>atque</strong></span> <span class='ocrx_word' id='word_1_144' title='bbox 1467 1697 1599 1729; x_wconf 89' lang='lat' dir='ltr'><strong>arma</strong></span> 
     </span>
     <span class='ocr_line' id='line_1_20' title="bbox 174 1754 1598 1824; baseline -0.001 -16"><span class='ocrx_word' id='word_1_145' title='bbox 174 1758 331 1808; x_wconf 70' lang='lat' dir='ltr'><strong>valide</strong></span> <span class='ocrx_word' id='word_1_146' title='bbox 352 1768 400 1807; x_wconf 87' lang='lat' dir='ltr'><strong>et</strong></span> <span class='ocrx_word' id='word_1_147' title='bbox 419 1767 642 1823; x_wconf 89' lang='lat' dir='ltr'><strong>potenter</strong></span> <span class='ocrx_word' id='word_1_148' title='bbox 656 1759 1023 1822; x_wconf 77' lang='lat' dir='ltr'><strong>opposuerunt⁸,</strong></span> <span class='ocrx_word' id='word_1_149' title='bbox 1042 1754 1238 1805; x_wconf 83' lang='lat' dir='ltr'><strong>auctore</strong></span> <span class='ocrx_word' id='word_1_150' title='bbox 1257 1759 1495 1824; x_wconf 87' lang='lat' dir='ltr'><strong>praecipue</strong></span> <span class='ocrx_word' id='word_1_151' title='bbox 1513 1760 1598 1807; x_wconf 91' lang='lat' dir='ltr'><strong>do-</strong></span> 
     </span>
     <span class='ocr_line' id='line_1_21' title="bbox 176 1834 1601 1901; baseline 0 -16"><span class='ocrx_word' id='word_1_152' title='bbox 176 1837 310 1885; x_wconf 82' lang='lat' dir='ltr'><strong>mino</strong></span> <span class='ocrx_word' id='word_1_153' title='bbox 330 1835 392 1883; x_wconf 74' lang='lat' dir='ltr'><strong>de</strong></span> <span class='ocrx_word' id='word_1_154' title='bbox 411 1835 615 1901; x_wconf 73' lang='lat' dir='ltr'><strong>Argaei!</strong></span> <span class='ocrx_word' id='word_1_155' title='bbox 625 1837 656 1894; x_wconf 79' lang='lat'><strong>⁴,</strong></span> <span class='ocrx_word' id='word_1_156' title='bbox 681 1834 961 1882; x_wconf 87' lang='lat' dir='ltr'><strong>marchione</strong></span> <span class='ocrx_word' id='word_1_157' title='bbox 992 1834 1052 1881; x_wconf 88' lang='lat' dir='ltr'><strong>de</strong></span> <span class='ocrx_word' id='word_1_158' title='bbox 1077 1834 1382 1899; x_wconf 68' lang='lat' dir='ltr'><strong>Rothelinghe</strong></span> <span class='ocrx_word' id='word_1_159' title='bbox 1394 1838 1410 1861; x_wconf 89' lang='lat'>⁸</span> <span class='ocrx_word' id='word_1_160' title='bbox 1429 1846 1478 1884; x_wconf 93' lang='lat' dir='ltr'><strong>et</strong></span> <span class='ocrx_word' id='word_1_161' title='bbox 1498 1837 1601 1884; x_wconf 87' lang='lat' dir='ltr'><strong>aliis</strong></span> 
     </span>
     <span class='ocr_line' id='line_1_22' title="bbox 178 1911 1598 1980; baseline 0.001 -18"><span class='ocrx_word' id='word_1_162' title='bbox 178 1911 455 1980; x_wconf 81' lang='lat' dir='ltr'><strong>proceribus</strong></span> <span class='ocrx_word' id='word_1_163' title='bbox 476 1911 654 1978; x_wconf 84' lang='lat' dir='ltr'><strong>patriae.</strong></span> <span class='ocrx_word' id='word_1_164' title='bbox 681 1913 799 1974; x_wconf 89' lang='lat' dir='ltr'><strong>Qui,</strong></span> <span class='ocrx_word' id='word_1_165' title='bbox 816 1912 977 1959; x_wconf 89' lang='lat' dir='ltr'><strong>accitis</strong></span> <span class='ocrx_word' id='word_1_166' title='bbox 999 1928 1056 1960; x_wconf 80' lang='lat' dir='ltr'><strong>ex</strong></span> <span class='ocrx_word' id='word_1_167' title='bbox 1077 1921 1199 1960; x_wconf 87' lang='lat' dir='ltr'><strong>terra</strong></span> <span class='ocrx_word' id='word_1_168' title='bbox 1213 1914 1502 1962; x_wconf 89' lang='lat' dir='ltr'><strong>Suitensium</strong></span> <span class='ocrx_word' id='word_1_169' title='bbox 1517 1916 1598 1963; x_wconf 91' lang='lat' dir='ltr'><strong>sti-</strong></span> 
     </span>
     <span class='ocr_line' id='line_1_23' title="bbox 178 1989 1600 2056; baseline 0.001 -18"><span class='ocrx_word' id='word_1_170' title='bbox 178 1989 436 2056; x_wconf 85' lang='lat' dir='ltr'><strong>pendiariis</strong></span> <span class='ocrx_word' id='word_1_171' title='bbox 457 1989 686 2037; x_wconf 86' lang='lat' dir='ltr'><strong>militibus</strong></span> <span class='ocrx_word' id='word_1_172' title='bbox 708 1998 757 2035; x_wconf 89' lang='lat' dir='ltr'><strong>et</strong></span> <span class='ocrx_word' id='word_1_173' title='bbox 774 1989 965 2054; x_wconf 88' lang='lat' dir='ltr'><strong>populis</strong></span> <span class='ocrx_word' id='word_1_174' title='bbox 983 1999 1116 2037; x_wconf 88' lang='lat' dir='ltr'><strong>terrae</strong></span> <span class='ocrx_word' id='word_1_175' title='bbox 1134 2006 1230 2038; x_wconf 82' lang='lat' dir='ltr'><strong>suae</strong></span> <span class='ocrx_word' id='word_1_176' title='bbox 1242 2026 1255 2051; x_wconf 91' lang='lat'><strong>,</strong></span> <span class='ocrx_word' id='word_1_177' title='bbox 1271 1991 1466 2039; x_wconf 83' lang='lat' dir='ltr'><strong>viriliter</strong></span> <span class='ocrx_word' id='word_1_178' title='bbox 1485 2002 1600 2040; x_wconf 88' lang='lat' dir='ltr'><strong>tunc</strong></span> 
     </span>
     <span class='ocr_line' id='line_1_24' title="bbox 179 2067 1601 2127; baseline 0.002 -12"><span class='ocrx_word' id='word_1_179' title='bbox 179 2067 299 2116; x_wconf 83' lang='lat' dir='ltr'><strong>fines</strong></span> <span class='ocrx_word' id='word_1_180' title='bbox 311 2083 423 2115; x_wconf 84' lang='lat' dir='ltr'><strong>suos</strong></span> <span class='ocrx_word' id='word_1_181' title='bbox 443 2067 580 2115; x_wconf 82' lang='lat' dir='ltr'><strong>tutati</strong></span> <span class='ocrx_word' id='word_1_182' title='bbox 596 2076 732 2127; x_wconf 87' lang='lat' dir='ltr'><strong>sunt,</strong></span> <span class='ocrx_word' id='word_1_183' title='bbox 751 2075 799 2113; x_wconf 90' lang='lat' dir='ltr'><strong>et</strong></span> <span class='ocrx_word' id='word_1_184' title='bbox 814 2067 1088 2115; x_wconf 87' lang='lat' dir='ltr'><strong>multotiens</strong></span> <span class='ocrx_word' id='word_1_185' title='bbox 1105 2071 1398 2116; x_wconf 88' lang='lat' dir='ltr'><strong>Francorum</strong></span> <span class='ocrx_word' id='word_1_186' title='bbox 1421 2086 1601 2118; x_wconf 88' lang='lat' dir='ltr'><strong>cuneos</strong></span> 
     </span>
     <span class='ocr_line' id='line_1_25' title="bbox 179 2143 1601 2212; baseline 0.002 -19"><span class='ocrx_word' id='word_1_187' title='bbox 179 2146 517 2211; x_wconf 72' lang='lat' dir='ltr'><strong>protriverunt.</strong></span> <span class='ocrx_word' id='word_1_188' title='bbox 565 2146 623 2193; x_wconf 88' lang='lat' dir='ltr'><strong>Et</strong></span> <span class='ocrx_word' id='word_1_189' title='bbox 659 2160 771 2191; x_wconf 90' lang='lat' dir='ltr'><strong>cum</strong></span> <span class='ocrx_word' id='word_1_190' title='bbox 793 2144 896 2208; x_wconf 89' lang='lat' dir='ltr'><strong>jam</strong></span> <span class='ocrx_word' id='word_1_191' title='bbox 927 2143 1198 2212; x_wconf 80' lang='lat' dir='ltr'><strong>[non]nulla</strong></span> <span class='ocrx_word' id='word_1_192' title='bbox 1234 2147 1424 2195; x_wconf 85' lang='lat' dir='ltr'><strong>castella</strong></span> <span class='ocrx_word' id='word_1_193' title='bbox 1459 2158 1601 2212; x_wconf 87' lang='lat' dir='ltr'><strong>atque</strong></span> 
     </span>
     <span class='ocr_line' id='line_1_26' title="bbox 181 2222 1600 2290; baseline 0.002 -20"><span class='ocrx_word' id='word_1_194' title='bbox 181 2223 410 2289; x_wconf 87' lang='lat' dir='ltr'><strong>oppidula</strong></span> <span class='ocrx_word' id='word_1_195' title='bbox 426 2222 589 2288; x_wconf 85' lang='lat' dir='ltr'><strong>patriae</strong></span> <span class='ocrx_word' id='word_1_196' title='bbox 618 2225 911 2270; x_wconf 86' lang='lat' dir='ltr'><strong>Francorum</strong></span> <span class='ocrx_word' id='word_1_197' title='bbox 942 2223 1113 2270; x_wconf 87' lang='lat' dir='ltr'><strong>milites</strong></span> <span class='ocrx_word' id='word_1_198' title='bbox 1144 2235 1479 2290; x_wconf 86' lang='lat' dir='ltr'><strong>occupassent,</strong></span> <span class='ocrx_word' id='word_1_199' title='bbox 1507 2235 1600 2273; x_wconf 86' lang='lat' dir='ltr'><strong>sta-</strong></span> 
     </span>
    </p>
   </div>
   <div class='ocr_carea' id='block_1_5' title="bbox 183 2351 1606 2660">
    <p class='ocr_par' dir='ltr' id='par_1_6' title="bbox 236 2351 1601 2407">
     <span class='ocr_line' id='line_1_27' title="bbox 236 2351 1601 2407; baseline 0.001 -15"><span class='ocrx_word' id='word_1_200' title='bbox 236 2355 275 2392; x_wconf 70' lang='lat'><strong>1.</strong></span> <span class='ocrx_word' id='word_1_201' title='bbox 304 2355 359 2392; x_wconf 88' lang='lat' dir='ltr'><strong>Le</strong></span> <span class='ocrx_word' id='word_1_202' title='bbox 377 2351 502 2391; x_wconf 79' lang='lat' dir='ltr'><strong>duche</strong></span> <span class='ocrx_word' id='word_1_203' title='bbox 522 2351 571 2390; x_wconf 90' lang='lat' dir='ltr'><strong>de</strong></span> <span class='ocrx_word' id='word_1_204' title='bbox 588 2354 816 2404; x_wconf 86' lang='lat' dir='ltr'><strong>Bourgogne</strong></span> <span class='ocrx_word' id='word_1_205' title='bbox 830 2352 872 2389; x_wconf 88' lang='lat' dir='ltr'><strong>fit</strong></span> <span class='ocrx_word' id='word_1_206' title='bbox 889 2364 931 2390; x_wconf 87' lang='lat' dir='ltr'><strong>sa</strong></span> <span class='ocrx_word' id='word_1_207' title='bbox 949 2352 1178 2391; x_wconf 91' lang='lat' dir='ltr'><strong>soumission</strong></span> <span class='ocrx_word' id='word_1_208' title='bbox 1196 2353 1234 2391; x_wconf 91' lang='lat' dir='ltr'><strong>le</strong></span> <span class='ocrx_word' id='word_1_209' title='bbox 1246 2354 1298 2407; x_wconf 62' lang='lat'><strong>29</strong></span> <span class='ocrx_word' id='word_1_210' title='bbox 1314 2354 1467 2402; x_wconf 88' lang='lat' dir='ltr'><strong>janvier</strong></span> <span class='ocrx_word' id='word_1_211' title='bbox 1483 2357 1601 2394; x_wconf 75' lang='lat'>1477.</span> 
     </span>
    </p>

    <p class='ocr_par' dir='ltr' id='par_1_7' title="bbox 235 2414 878 2469">
     <span class='ocr_line' id='line_1_28' title="bbox 235 2414 878 2469; baseline -0.005 -14"><span class='ocrx_word' id='word_1_212' title='bbox 235 2418 276 2455; x_wconf 77' lang='lat'><strong>2.</strong></span> <span class='ocrx_word' id='word_1_213' title='bbox 306 2415 478 2469; x_wconf 76' lang='lat' dir='ltr'><strong>Georges</strong></span> <span class='ocrx_word' id='word_1_214' title='bbox 495 2414 544 2454; x_wconf 84' lang='lat' dir='ltr'><strong>de</strong></span> <span class='ocrx_word' id='word_1_215' title='bbox 561 2417 617 2454; x_wconf 91' lang='lat' dir='ltr'><strong>La</strong></span> <span class='ocrx_word' id='word_1_216' title='bbox 634 2415 878 2453; x_wconf 76' lang='lat' dir='ltr'><strong>Tremouille.</strong></span> 
     </span>
    </p>

    <p class='ocr_par' dir='ltr' id='par_1_8' title="bbox 183 2477 1605 2592">
     <span class='ocr_line' id='line_1_29' title="bbox 236 2477 1605 2532; baseline 0 -13"><span class='ocrx_word' id='word_1_217' title='bbox 236 2477 277 2520; x_wconf 81' lang='grc'><strong>3.</strong></span> <span class='ocrx_word' id='word_1_218' title='bbox 304 2480 362 2519; x_wconf 66' lang='lat'><strong>1.-</strong></span> <span class='ocrx_word' id='word_1_219' title='bbox 379 2478 710 2519; x_wconf 73' lang='lat' dir='ltr'><strong>Franche-Comte</strong></span> <span class='ocrx_word' id='word_1_220' title='bbox 730 2491 771 2519; x_wconf 87' lang='lat' dir='ltr'><strong>se</strong></span> <span class='ocrx_word' id='word_1_221' title='bbox 789 2478 958 2526; x_wconf 60' lang='lat' dir='ltr'><strong>revolat,</strong></span> <span class='ocrx_word' id='word_1_222' title='bbox 978 2479 1092 2532; x_wconf 71' lang='lat' dir='ltr'><strong>apres</strong></span> <span class='ocrx_word' id='word_1_223' title='bbox 1114 2481 1228 2519; x_wconf 77' lang='lat' dir='ltr'><strong>s&#39;etre</strong></span> <span class='ocrx_word' id='word_1_224' title='bbox 1246 2481 1414 2520; x_wconf 90' lang='lat' dir='ltr'><strong>soumise</strong></span> <span class='ocrx_word' id='word_1_225' title='bbox 1429 2494 1477 2520; x_wconf 89' lang='lat' dir='ltr'><strong>en</strong></span> <span class='ocrx_word' id='word_1_226' title='bbox 1494 2490 1605 2519; x_wconf 79' lang='lat' dir='ltr'><strong>vertu</strong></span> 
     </span>
     <span class='ocr_line' id='line_1_30' title="bbox 183 2532 1523 2592; baseline 0.001 -9"><span class='ocrx_word' id='word_1_227' title='bbox 183 2543 300 2583; x_wconf 81' lang='lat' dir='ltr'><strong>d’une</strong></span> <span class='ocrx_word' id='word_1_228' title='bbox 319 2541 570 2583; x_wconf 57' lang='lat' dir='ltr'><strong>&amp;liberation</strong></span> <span class='ocrx_word' id='word_1_229' title='bbox 589 2544 638 2583; x_wconf 88' lang='lat' dir='ltr'><strong>de</strong></span> <span class='ocrx_word' id='word_1_230' title='bbox 656 2556 715 2583; x_wconf 88' lang='lat' dir='ltr'><strong>ses</strong></span> <span class='ocrx_word' id='word_1_231' title='bbox 731 2545 827 2583; x_wconf 80' lang='lat' dir='ltr'><strong>e&#39;tats</strong></span> <span class='ocrx_word' id='word_1_232' title='bbox 841 2532 1055 2583; x_wconf 55' lang='lat' dir='ltr'><strong>assembles&#39;</strong></span> <span class='ocrx_word' id='word_1_233' title='bbox 1068 2547 1091 2585; x_wconf 71' lang='grc' dir='ltr'>ὲ</span> <span class='ocrx_word' id='word_1_234' title='bbox 1106 2546 1219 2592; x_wconf 72' lang='lat' dir='ltr'><strong>mle,</strong></span> <span class='ocrx_word' id='word_1_235' title='bbox 1241 2546 1277 2583; x_wconf 86' lang='lat' dir='ltr'><strong>le</strong></span> <span class='ocrx_word' id='word_1_236' title='bbox 1295 2548 1344 2583; x_wconf 79' lang='lat'><strong>18</strong></span> <span class='ocrx_word' id='word_1_237' title='bbox 1368 2545 1523 2584; x_wconf 67' lang='lat' dir='ltr'><strong>fevi-ier.</strong></span> 
     </span>
    </p>

    <p class='ocr_par' dir='ltr' id='par_1_9' title="bbox 238 2606 1606 2660">
     <span class='ocr_line' id='line_1_31' title="bbox 238 2606 1606 2660; baseline -0.001 -14"><span class='ocrx_word' id='word_1_238' title='bbox 238 2608 279 2647; x_wconf 63' lang='lat'><strong>¹..</strong></span> <span class='ocrx_word' id='word_1_239' title='bbox 306 2607 402 2645; x_wconf 65' lang='lat' dir='ltr'><strong>leun</strong></span> <span class='ocrx_word' id='word_1_240' title='bbox 426 2606 476 2645; x_wconf 86' lang='lat' dir='ltr'><strong>de</strong></span> <span class='ocrx_word' id='word_1_241' title='bbox 497 2606 666 2654; x_wconf 83' lang='lat' dir='ltr'><strong>Cbalon,</strong></span> <span class='ocrx_word' id='word_1_242' title='bbox 685 2607 820 2659; x_wconf 84' lang='lat' dir='ltr'><strong>prince</strong></span> <span class='ocrx_word' id='word_1_243' title='bbox 847 2606 1042 2660; x_wconf 82' lang='lat' dir='ltr'><strong>d&#39;Orange</strong></span> <span class='ocrx_word' id='word_1_244' title='bbox 1069 2615 1106 2646; x_wconf 87' lang='lat' dir='ltr'><strong>et</strong></span> <span class='ocrx_word' id='word_1_245' title='bbox 1129 2608 1307 2660; x_wconf 77' lang='lat' dir='ltr'><strong>seigneur</strong></span> <span class='ocrx_word' id='word_1_246' title='bbox 1327 2608 1530 2660; x_wconf 59' lang='lat' dir='ltr'><strong>&amp;Ax-guel,</strong></span> <span class='ocrx_word' id='word_1_247' title='bbox 1557 2621 1606 2645; x_wconf 86' lang='lat' dir='ltr'><strong>ne</strong></span> 
     </span>
    </p>
   </div>
   <div class='ocr_carea' id='block_1_6' title="bbox 185 2669 1605 2787">
    <p class='ocr_par' dir='ltr' id='par_1_10' title="bbox 185 2669 1605 2787">
     <span class='ocr_line' id='line_1_32' title="bbox 185 2669 1605 2723; baseline -0.001 -16"><span class='ocrx_word' id='word_1_248' title='bbox 185 2678 299 2723; x_wconf 77' lang='lat' dir='ltr'><strong>par-ut</strong></span> <span class='ocrx_word' id='word_1_249' title='bbox 327 2669 505 2721; x_wconf 76' lang='lat' dir='ltr'><strong>qu’apres</strong></span> <span class='ocrx_word' id='word_1_250' title='bbox 539 2670 575 2708; x_wconf 85' lang='lat' dir='ltr'><strong>la</strong></span> <span class='ocrx_word' id='word_1_251' title='bbox 611 2670 782 2718; x_wconf 64' lang='lat' dir='ltr'><strong>revolte,</strong></span> <span class='ocrx_word' id='word_1_252' title='bbox 810 2670 905 2708; x_wconf 91' lang='lat' dir='ltr'><strong>dont</strong></span> <span class='ocrx_word' id='word_1_253' title='bbox 934 2683 1003 2709; x_wconf 89' lang='lat' dir='ltr'><strong>son</strong></span> <span class='ocrx_word' id='word_1_254' title='bbox 1034 2671 1146 2710; x_wconf 88' lang='lat' dir='ltr'><strong>oncle</strong></span> <span class='ocrx_word' id='word_1_255' title='bbox 1172 2674 1329 2722; x_wconf 85' lang='lat' dir='ltr'><strong>Hugues</strong></span> <span class='ocrx_word' id='word_1_256' title='bbox 1360 2671 1407 2708; x_wconf 87' lang='lat' dir='ltr'><strong>de</strong></span> <span class='ocrx_word' id='word_1_257' title='bbox 1438 2669 1605 2714; x_wconf 86' lang='lat' dir='ltr'><strong>Chalon,</strong></span> 
     </span>
     <span class='ocr_line' id='line_1_33' title="bbox 187 2731 1132 2787; baseline 0 -15"><span class='ocrx_word' id='word_1_258' title='bbox 187 2733 363 2786; x_wconf 82' lang='lat' dir='ltr'><strong>seigneur</strong></span> <span class='ocrx_word' id='word_1_259' title='bbox 381 2731 428 2770; x_wconf 88' lang='lat' dir='ltr'><strong>de</strong></span> <span class='ocrx_word' id='word_1_260' title='bbox 446 2731 747 2785; x_wconf 60' lang='lat' dir='ltr'><strong>Chateauguyon</strong></span> <span class='ocrx_word' id='word_1_261' title='bbox 761 2761 772 2779; x_wconf 87' lang='lat'>‚</span> <span class='ocrx_word' id='word_1_262' title='bbox 793 2732 923 2772; x_wconf 89' lang='lat' dir='ltr'><strong>donna</strong></span> <span class='ocrx_word' id='word_1_263' title='bbox 939 2734 976 2772; x_wconf 90' lang='lat' dir='ltr'><strong>le</strong></span> <span class='ocrx_word' id='word_1_264' title='bbox 995 2734 1132 2787; x_wconf 82' lang='lat' dir='ltr'><strong>signal.</strong></span> 
     </span>
    </p>
   </div>
   <div class='ocr_carea' id='block_1_7' title="bbox 242 2793 1255 2855">
    <p class='ocr_par' dir='ltr' id='par_1_11' title="bbox 242 2793 1255 2855">
     <span class='ocr_line' id='line_1_34' title="bbox 242 2793 1255 2855; baseline -0.002 -21"><span class='ocrx_word' id='word_1_265' title='bbox 242 2798 279 2855; x_wconf 78' lang='grc'><strong>5.</strong></span> <span class='ocrx_word' id='word_1_266' title='bbox 312 2793 486 2846; x_wconf 82' lang='lat' dir='ltr'><strong>Philippe</strong></span> <span class='ocrx_word' id='word_1_267' title='bbox 504 2793 554 2832; x_wconf 88' lang='lat' dir='ltr'><strong>de</strong></span> <span class='ocrx_word' id='word_1_268' title='bbox 572 2795 792 2847; x_wconf 82' lang='lat' dir='ltr'><strong>Hoehberg,</strong></span> <span class='ocrx_word' id='word_1_269' title='bbox 810 2796 979 2847; x_wconf 79' lang='lat' dir='ltr'><strong>marquis</strong></span> <span class='ocrx_word' id='word_1_270' title='bbox 1000 2796 1048 2834; x_wconf 82' lang='lat' dir='ltr'><strong>de</strong></span> <span class='ocrx_word' id='word_1_271' title='bbox 1064 2795 1255 2834; x_wconf 83' lang='lat' dir='ltr'><strong>Rothelin.</strong></span> 
     </span>
    </p>
   </div>
  </div>
 </body>
</html>
