2060 3392
733 282 882 319 unm
908 281 1108 319 PRIMUS.
1556 281 1632 319 269

284 375 343 419 Et
361 372 467 420 talis
484 372 649 435 utique
661 369 749 416 suit
765 369 992 416 simulatae
1013 378 1062 416 et
1075 368 1190 416 dolo
1204 368 1420 416 confictae
1435 369 1637 433 praefatae

217 443 464 514 legationis
490 448 700 498 effectus
731 449 849 506 Quae
882 446 1096 511 profecto
1125 462 1228 494 non
1252 445 1319 494 ob
1344 445 1475 496 aliud
1497 447 1636 494 fuisse

162 589 165 593 Ι
218 527 480 591 excogitata
500 526 649 574 videri
674 525 855 592 potuit,
891 523 982 572 nisi
1014 533 1069 571 ut
1096 523 1316 589 praefatus
1336 525 1638 572 Nonnanniae

219 605 336 666 dux,
354 594 416 652 de
436 604 515 651 illa
537 620 624 651 sua
651 618 824 667 magna
847 600 967 649 urbe
991 601 1362 665 Rothomagensi
1382 612 1634 663 extractus,

219 683 273 739 in
292 697 389 746 qua
409 681 585 729 talibus
611 680 793 743 insidiis
820 695 920 726 non
943 678 1079 725 facile
1103 679 1437 727 circumveniri
1460 681 1641 745 potuis-

219 769 315 820 set,
347 759 412 808 ad
432 759 621 824 patulos
643 758 790 806 saltus
822 755 1119 818 educeretur,
1147 757 1197 803 in
1221 756 1396 821 quibus
1420 773 1533 804 cum
1550 758 1639 805 mi-

219 838 328 886 nori
348 836 624 884 difficultate
643 835 822 883 retibus
843 844 893 881 et
914 833 1096 898 laqueis
1111 844 1396 881 venatorum
1417 833 1641 882 concludi

221 925 270 963 et
285 915 516 963 coarctari
541 913 784 962 valuisset..
808 914 966 969 Quem
983 927 1096 958 cum
1119 912 1184 958 ita
1205 911 1295 958 illis
1315 910 1542 958 eductum
1558 929 1643 977 pe-

221 993 381 1041 riculis
400 1003 449 1041 et
461 1000 796 1057 praeservatum
814 989 955 1036 fuisse
979 988 1042 1036 ab
1063 989 1245 1036 insidiis
1262 1006 1363 1036 non
1381 989 1643 1052 ignorasset

221 1087 305 1119 rex
325 1071 500 1119 nostris
523 1079 684 1117 actum
703 1067 931 1127 consiliis,
954 1083 1054 1114 non
1076 1066 1351 1114 dubitamus
1380 1067 1499 1130 quin
1531 1084 1643 1114 cau-

223 1148 285 1197 sis
301 1164 332 1196 a
353 1146 495 1196 nobis
512 1147 645 1213 prius
667 1144 891 1210 expositis
909 1144 1013 1191 haec
1034 1145 1178 1191 etiam
1199 1145 1546 1191 incrementum
1569 1145 1643 1191 in-

224 1226 510 1292 dignationis
529 1224 753 1289 adjecerit
770 1221 1132 1286 acerbitatisque
1149 1222 1370 1270 nonnihil
1388 1221 1641 1283 addiderit,

224 1322 336 1353 cum
357 1321 407 1352 se
430 1313 595 1368 optata
618 1312 665 1349 et
684 1301 992 1348 vehementer
1010 1300 1267 1365 concupita
1288 1300 1435 1365 ipsius
1450 1300 1522 1346 sui
1546 1315 1647 1363 ger-

225 1383 356 1435 mani
388 1380 766 1447 deprehensione
792 1378 1024 1426 inveniret
1058 1378 1231 1426 nostris
1259 1377 1459 1429 consilio
1483 1386 1531 1424 et
1561 1393 1644 1424 oo·

225 1459 496 1508 hortatione
520 1458 755 1505 delusum.

693 1644 1035 1690 CAPITULUM
1067 1643 1169 1688 vn.

494 1769 610 1804 Altam
626 1780 767 1803 cansam
785 1767 889 1814 κείω
900 1766 1157 1814 indignationis
1171 1767 1369 1804 continens.

298 1881 413 1930 lnde
436 1899 549 1930 vero
567 1918 580 1942 ,
605 1881 784 1929 scilicet
808 1897 866 1928 ex
889 1879 1225 1928 Ponte-Archae
1241 1917 1255 1941 ‚
1291 1896 1404 1928 cum
1436 1879 1566 1927 idem
1596 1880 1648 1927 il-

232 1960 535 2013 lustrissimus
561 1959 658 2007 dux
691 1958 1041 2023 Rothomagum
1069 1959 1118 2006 in
1151 1967 1254 2005 tuto
1291 1975 1339 2006 se
1366 1959 1615 2024 recepisset
1632 1995 1645 2019 ,

233 2038 284 2085 in
309 2037 410 2085 dies
431 2054 487 2084 ex
508 2037 650 2084 variis
667 2036 786 2084 locis
809 2035 1123 2083 accurrebant
1153 2035 1309 2082 nuntii
1330 2036 1438 2100 qui,
1468 2053 1526 2084 ea
1546 2053 1650 2100 quae

233 2130 319 2180 per
346 2131 506 2178 regem
539 2113 874 2174 actitabantur,
910 2113 1184 2160 nuntiarent
1212 2130 1223 2158 :
1250 2113 1451 2177 qualiter
1477 2113 1651 2160 scilicet

234 2191 414 2257 oppida
433 2200 483 2248 et,
505 2191 694 2239 castella
715 2200 858 2255 atque
880 2191 1089 2252 civitates
1109 2190 1409 2237 Normanniae
1425 2227 1438 2251 ,
1466 2199 1518 2236 ut
1544 2191 1653 2237 Ver-

234 2286 432 2330 nonem,
464 2269 805 2333 Carentonium
822 2306 834 2329 ‚
862 2267 1114 2329 Oximum,
1144 2268 1373 2316 Falesiam
1390 2305 1402 2329 ,
1436 2270 1651 2332 Sagium¹

236 2346 421 2411 aliaque
442 2347 648 2413 plurima
664 2347 789 2402 loca,
813 2346 1061 2410 ipsamque
1080 2346 1316 2393 civitatem
1339 2355 1551 2393 nostram
1572 2349 1653 2392 Le-

238 2425 449 2485 xovium‚
465 2441 584 2489 quas
596 2424 759 2489 paucis
774 2433 884 2471 aute
900 2422 1071 2471 diebus
1089 2423 1178 2470 sub
1197 2423 1458 2471 arctissimo
1481 2423 1653 2470 foedere

238 2511 286 2549 et
305 2503 583 2550 sacramenti
604 2502 831 2565 religione
851 2500 1038 2549 firmato
1057 2501 1186 2549 dicto
1209 2518 1435 2565 germano
1459 2518 1547 2567 pro
1571 2518 1655 2548 sua

238 2578 445 2642 legitima
468 2589 675 2645 paternae
702 2579 986 2627 haereditatis
1013 2580 1234 2644 portione
1265 2579 1545 2642 assignarat,
1572 2577 1655 2625 de-

243 2672 341 2704 nuo
371 2657 618 2721 recepisset
635 2666 683 2703 et
710 2656 772 2704 ad
795 2673 929 2704 suam
969 2657 1253 2722 reposuisset
1273 2672 1470 2703 manum
1486 2691 1498 2712 ‚
1527 2671 1657 2701 eum-

301 2778 339 2814 1.
369 2776 523 2813 Vei-non
538 2803 549 2821 ‚
568 2775 757 2815 ean-eman
770 2803 781 2821 ,
801 2777 941 2813 Exmes
954 2804 964 2822 ,
984 2775 1153 2822 Falaise,
1175 2775 1280 2813 seez.
