2060 3392
681 301 830 347 unm
857 299 1125 338 SECUNDUS.
1534 298 1602 334 381

685 479 1025 526 CAPITULUM
1058 479 1139 525 lx.

631 597 742 634 Aliud
759 599 962 646 exemplum
976 597 1022 633 de
1040 596 1184 633 eodem·

263 702 362 751 Alia
382 702 578 767 insuper
604 711 674 750 est
706 700 802 749 illic
829 700 1144 760 consuetudo,
1171 698 1306 764 quod
1327 698 1378 744 in
1401 697 1618 744 crimina-

190 779 318 830 libus
338 781 491 828 causis
512 797 638 842 reus,
663 780 846 828 etiamsi
865 789 1191 828 accusatorem
1213 777 1399 825 nullum
1421 775 1612 839 habeat,

193 857 496 924 compellitur
529 857 757 906 violentia
796 866 1148 905 tormentorum
1185 867 1233 904 et
1269 855 1612 925 quaestionum,

191 935 295 984 uhi·
313 936 455 984 nullae
483 947 621 984 certae
653 937 828 984 adsunt
857 935 1190 1002 probationes,
1224 934 1299 983 vel
1333 935 1513 982 crimen
1548 935 1619 981 in-

191 1016 424 1063 tentatum
448 1015 608 1073 fateri,
634 1014 708 1062 vel
733 1031 784 1062 se
810 1015 983 1062 referre
1005 1014 1066 1062 ad
1090 1014 1283 1073 famam,
1312 1014 1373 1060 de
1401 1029 1497 1077 qua
1518 1012 1620 1060 sola

193 1090 448 1139 duodecim
471 1092 558 1139 viri
576 1092 901 1139 testimonium
917 1091 1087 1139 ferant.
1107 1093 1263 1148 Quam
1283 1090 1491 1155 speciem
1509 1106 1620 1155 pro-

193 1166 402 1217 bationis
429 1187 453 1214 ι
477 1169 744 1233 inquestam
769 1169 931 1234 patriae
954 1188 977 1213 »
1004 1168 1262 1234 appellant.
1299 1171 1355 1214 Et
1386 1167 1496 1215 licet
1524 1167 1620 1215 hu-

189 1245 403 1310 jusmodi
434 1246 692 1295 duodecim
715 1247 805 1294 viri
834 1263 1002 1294 omnes
1018 1247 1180 1311 jurent
1200 1262 1251 1293 se
1271 1245 1332 1292 de
1354 1244 1479 1293 facto
1502 1245 1623 1292 nihil

194 1323 387 1388 penitus
404 1339 545 1372 nosse
565 1341 650 1372 seu
672 1325 809 1383 scire,
837 1324 877 1371 si
905 1334 1063 1371 tamen
1091 1323 1302 1387 inquisiti
1324 1322 1442 1387 quid
1462 1324 1622 1388 potius

195 1399 410 1462 mdant,
435 1411 651 1449 asserunt
671 1401 745 1448 vel
769 1417 936 1448 omnes
969 1400 1044 1447 vel
1070 1400 1226 1464 major
1244 1416 1412 1448 eorum
1440 1414 1551 1465 pars
1571 1417 1622 1448 se

194 1478 356 1544 potius
373 1478 567 1527 credere
587 1479 835 1527 hominem
858 1495 993 1526 reum
1015 1495 1163 1544 quam
1191 1479 1468 1541 innoxium,
1494 1496 1622 1527 con-

195 1553 501 1604 demnabitur
527 1573 614 1622 per
648 1557 745 1605 hoc
774 1556 838 1605 ad
868 1566 1091 1618 mortem,
1124 1557 1259 1604 nullo
1289 1556 1623 1622 appellationis

195 1633 286 1682 vel
294 1635 496 1699 querelae
520 1634 734 1683 remedio
768 1636 817 1682 in
842 1636 1137 1682 contrarium
1159 1634 1251 1681 sibi
1274 1651 1491 1698 unquam
1511 1636 1624 1682 vali-

195 1719 334 1758 turo.
347 1711 512 1773 Quod,
535 1712 706 1777 procul
727 1711 897 1771 dubio,
918 1711 1092 1758 valde
1080 1712 1300 1775 iniquum
1323 1721 1371 1758 et
1390 1712 1625 1776 periculo-

196 1787 434 1835 sissimum
456 1805 557 1835 esse
575 1789 780 1850 videtur,
803 1805 915 1836 cum
933 1788 984 1834 in
1004 1787 1348 1850 criminalibus,
1366 1790 1624 1854 praesertim

198 1864 261 1912 ad
287 1864 618 1913 damnandum
647 1883 782 1913 reum
809 1866 978 1913 ultimo
1007 1866 1268 1931 supplicio,
1296 1865 1506 1915 debeant
1526 1885 1624 1916 esse

198 1941 508 2007 probationes
540 1942 648 1990 luce
688 1942 953 1990 meridiana
994 1943 1217 1990 clariores
1230 1978 1245 2001 ,
1270 1953 1331 1997 *et
1370 1944 1528 1993 nullus
1566 1962 1623 1993 ex

200 2019 550 2085 suspicionibus
570 2021 645 2067 vel
674 2021 799 2068 sama
821 2021 880 2067 sit
907 2020 1227 2080 damnandus,
1255 2032 1309 2068 ut
1330 2022 1456 2086 leges
1477 2033 1524 2071 et
1546 2039 1624 2072 ca·

199 2112 353 2144 nones
385 2097 632 2145 manifeste
664 2107 936 2145 sanxerunt.
972 2097 1115 2155 Quod
1152 2099 1191 2145 si
1229 2099 1334 2163 quis
1367 2111 1551 2163 arguat,
1587 2103 1625 2149 si

201 2189 302 2221 non
326 2174 392 2221 ita
412 2174 511 2234 fiat,
539 2175 813 2237 contingere
841 2191 979 2240 posse
1001 2175 1134 2239 quod
1158 2192 1280 2240 saepe
1302 2177 1504 2225 crimina
1526 2195 1626 2226 ma-

201 2260 346 2298 neant
364 2252 641 2317 impunita,
683 2251 1016 2299 deficientibus
1058 2252 1426 2317 probationibus
1460 2257 1622 2317 certis,

201 2328 460 2393 respondet
479 2329 555 2376 lex
576 2329 743 2390 civilis,
763 2345 1040 2393 quanquam
1060 2329 1106 2376 id
1135 2331 1478 2379 inconveniens
1501 2334 1559 2380 sit
1580 2345 1627 2381 et

203 2420 305 2452 non
322 2421 523 2470 parvum
550 2406 600 2452 in
632 2404 877 2471 republica
899 2405 1023 2473 bene
1047 2407 1273 2470 regulata,
1303 2418 1461 2456 tamen
1484 2411 1628 2458 satius

204 2483 356 2531 multo
383 2501 483 2532 esse
505 2485 685 2532 crimen
710 2485 926 2532 nocentis
947 2501 1142 2533 manere
1166 2486 1456 2551 impunitum
1481 2505 1627 2552 quam

204 2560 376 2624 punire
397 2561 734 2610 innocentem:
765 2561 898 2625 quod
923 2561 1216 2626 frequentius
1245 2565 1435 2611 evenire
1460 2565 1627 2629 procul

205 2635 359 2684 dubio
380 2648 561 2702 potest,
586 2640 624 2686 si
648 2656 757 2687 reus
783 2640 1048 2704 postulatus
1066 2657 1121 2687 ex
1152 2641 1253 2688 sola
1276 2641 1400 2688 fama
1430 2642 1504 2688 vel
1527 2659 1628 2689 cre·

207 2714 368 2762 dentia
388 2715 657 2780 aliquorum
679 2717 949 2777 damnetur,
975 2719 1343 2782 prout-admittit
1365 2719 1491 2766 dicta
1509 2735 1626 2767 con-

208 2791 428 2840 suetudo.
