2060 3392
711 319 857 356 LIBER
883 319 1084 358 PRIMUS.
1531 322 1609 360 31⁶5

196 405 308 470 fuga
338 421 424 475 sua
456 407 763 473 conscripsit,
809 406 940 472 apud
976 408 1199 456 mortales
1240 407 1462 455 homines
1503 407 1613 454 satis

196 492 467 532 excusatam
498 482 599 531 fieri
619 493 848 549 putamus.
868 485 1182 533 secessionem
1207 494 1434 551 nostram
1449 482 1512 531 ab
1532 500 1614 531 ec-

196 562 339 610 clesia
370 571 556 623 nostra,
595 563 838 628 potissime
872 579 1007 624 cum,
1045 573 1098 610 ut
1131 564 1224 611 late
1268 579 1411 629 supra
1450 579 1615 610 recen-

197 639 395 695 suimuS,
411 640 461 687 vi
478 640 658 704 majore
677 650 821 705 atque
830 641 1024 706 praecisa
1036 678 1048 700 ‚
1068 642 1146 688 cui
1162 641 1373 689 resistere
1387 651 1434 688 et
1448 650 1616 689 contra

197 717 286 765 niti
310 717 441 766 nulla
462 717 604 765 nobis
625 718 821 766 facultas
839 718 943 776 fuit,
971 717 1034 767 ab
1053 719 1221 785 eadem
1242 720 1367 785 pulsi
1391 729 1438 767 et
1458 720 1613 783 ejecti,

198 810 288 842 nec
317 794 381 842 ad
413 810 520 843 eam
550 796 718 843 reverti
745 796 960 861 permissi
990 796 1225 844 ullatenus
1253 796 1494 844 fuerimus.
1521 799 1618 844 Nec

163 896 174 907 ·
198 881 357 920 tamen
367 883 620 938 propterea
632 874 761 939 apud
773 874 1036 921 districtum
1048 877 1072 921 J
1075 891 1102 920 u
1108 874 1264 922 dicem
1278 873 1619 940 inculpabilem

198 965 289 997 nos
312 959 394 998 aut
411 950 649 998 insontem
672 967 878 998 asserere
900 953 1227 1017 praesumimus
1240 988 1253 1011 ‚
1282 972 1305 997 «
1326 953 1456 1017 apud
1474 968 1619 1016 quem

199 1038 248 1078 et
282 1030 333 1077 in
365 1031 500 1094 cujus
541 1042 802 1096 conspectu
829 1051 853 1076 ι)
888 1042 940 1079 ut
971 1049 1103 1080 sacer
1131 1033 1340 1098 psalmus
1370 1034 1435 1081 ait
1470 1054 1492 1077 ι(
1519 1050 1619 1080 non

195 1106 531 1170 justificabitur
562 1109 718 1156 omnis
737 1109 900 1156 vivens
929 1129 984 1169 »ς
1016 1110 1101 1158 sed
1129 1111 1288 1175 potius
1307 1110 1552 1158 humiliter
1575 1120 1622 1158 et

201 1183 372 1232 devote
410 1185 510 1249 ejus
543 1187 919 1235 misericordiam
952 1197 1094 1252 atque
1133 1197 1400 1236 erratorum
1433 1189 1623 1236 veniam

201 1260 531 1328 deprecamur.

623 1470 795 1516 CAPIT
799 1470 965 1517 ULUM
1000 1471 1166 1516 XXIX.

226 1597 280 1632 ne
293 1596 364 1634 211.
377 1598 556 1635 alumnia
572 1611 614 1635 ac
627 1599 873 1648 perseeutione
889 1600 927 1635 in
941 1599 1103 1649 personis
1118 1600 1318 1650 conjnnoti,
1336 1601 1443 1637 nobi.
1455 1600 1602 1637 inflicta.

273 1714 466 1775 Verum,
495 1724 543 1763 et
564 1716 689 1764 ultra
715 1733 772 1765 ea
803 1734 908 1781 quae
944 1719 1265 1778 narravimus,
1305 1735 1418 1766 cum
1451 1719 1501 1766 in
1541 1736 1630 1767 nos

206 1789 428 1838 malevoli
463 1808 553 1857 pro
594 1803 709 1841 voto
743 1795 905 1842 saevire
939 1811 1039 1842 non
1071 1804 1288 1860 possent,
1328 1796 1484 1859 quiin
1508 1797 1629 1844 civi-

208 1875 302 1914 tate
324 1868 497 1932 insigni
518 1885 574 1917 ac
594 1870 745 1919 libera
773 1874 1086 1919 Treverorum
1115 1871 1368 1920 latibulum
1393 1888 1449 1920 ac
1471 1873 1632 1938 profu-

210 1945 339 2010 gium
371 1956 550 2013 tutum,
586 1950 690 1996 Deo
714 1949 1037 2011 concedente,
1079 1950 1456 2010 inveneramus¹,
1502 1960 1632 1999 extra

209 2022 405 2072 totalem
429 2025 551 2089 regis
576 2025 788 2090 praedicti
811 2026 1042 2074 ditionem
1055 2065 1067 2087 ‚
1106 2028 1434 2091 cogitaverunt
1459 2028 1632 2075 iterum

211 2102 435 2150 nonnulli
456 2103 590 2168 impii
615 2103 863 2167 quomodo
886 2104 936 2151 in
958 2121 1188 2169 personas
1209 2105 1512 2169 conjunctas,
1537 2121 1634 2168 ger-

212 2195 383 2228 manos
417 2180 594 2228 scilicet
630 2190 819 2229 nostros
846 2191 894 2229 et
928 2180 1422 2246 quosdam'honestos
1455 2200 1635 2231 merca·

213 2267 357 2318 toreS‚
382 2258 465 2322 qui
486 2258 746 2322 aliquando
765 2259 839 2306 vel
861 2260 1085 2324 epistolas
1108 2260 1181 2307 vel
1209 2261 1436 2325 pecunias
1464 2261 1524 2308 de
1546 2261 1636 2326 spi-

215 2334 463 2383 ritualibus
490 2335 801 2401 proventibus
835 2337 1042 2384 ecclesiae
1079 2347 1248 2384 nostrae
1284 2338 1345 2385 ad
1379 2354 1468 2384 nos
1499 2337 1635 2384 detu-

216 2413 394 2475 lerant,
440 2413 657 2461 saevirent
674 2451 687 2472 ‚
741 2429 925 2478 nosque
980 2415 1056 2463 vel
1104 2431 1164 2462 eo
1210 2414 1358 2463 modo
1402 2416 1637 2480 supplicio

218 2487 474 2536 afficerent.

287 2566 344 2611 Et
360 2573 453 2612 tres
471 2565 666 2629 quidem
690 2582 747 2613 ex
774 2566 1009 2629 germanis
1043 2568 1216 2614 nostris
1230 2603 1243 2627 ‚
1265 2584 1474 2632 quorum
1496 2568 1639 2615 exsis-

221 2649 329 2688 tunt
350 2640 448 2689 duo
486 2641 552 2689 illi
585 2658 707 2706 quos
739 2659 883 2708 supra
908 2644 1110 2691 Turonis
1138 2644 1278 2691 fuisse
1310 2644 1395 2691 diu
1421 2644 1640 2692 detentos

279 2816 317 2853 ἱ.
348 2816 408 2853 Au
429 2823 757 2854 commencement
773 2814 821 2854 de
839 2815 989 2855 l'anne'e
1017 2818 1135 2855 1471.
