2060 3392
707 289 857 329 LIBER
883 286 1140 328 SEPTIMUS.
1551 290 1626 327 ¹47

278 377 488 427 Consilio
506 386 668 425 autem
688 375 847 424 statim
865 392 923 423 ex
943 385 1160 441 tempore
1182 383 1401 439 accepto,
1423 390 1523 422 non
1537 411 1550 437 ,
1578 385 1632 422 ut

213 454 373 520 priore
394 455 522 514 vice,
545 453 608 503 ad
629 470 771 502 suum
794 452 1102 500 domicellum
1129 451 1394 505 Cliveusem
1409 488 1422 512 ,
1450 451 1534 498 sed
1567 451 1630 500 ad

213 549 356 584 suum
378 531 656 599 pontificem
677 531 913 597 optimum
937 539 1078 599 atque
1100 529 1365 595 piissimum
1394 545 1633 578 accersen-

214 609 334 662 dum
354 610 607 672 misertmt,
628 609 712 673 qui
732 609 783 656 in
804 623 893 655 suo
908 606 1090 672 oppido
1109 606 1170 655 de
1190 611 1261 655 W
1246 606 1367 671 yclr,
1393 623 1424 656 a
1444 607 1631 656 civitate

216 702 316 739 non
342 687 548 752 amplius
570 685 762 737 duobus
781 684 1065 733 milliaribus
1092 685 1253 750 patriae
1278 693 1464 733 remoto
1480 722 1494 747 ,
1518 694 1632 734 tunc

215 764 517 817 consistebat.
550 767 702 813 Laetus
733 764 877 827 igitur
917 762 1047 811 idem
1081 762 1448 827 benignissimus
1480 774 1630 829 pater,

215 842 481 929 gratiasque
513 859 659 907 agens
679 845 783 890 Deo
816 840 949 907 quod
976 841 1042 890 ita
1066 840 1285 902 dulciter,
1311 841 1491 906 absque
1519 858 1634 891 sau-

216 919 372 983 guinis
397 919 656 982 effusione,
690 919 817 968 cives
844 935 873 967 a
905 935 955 966 se
980 918 1148 983 jugum
1185 919 1441 983 tyrannicae
1479 919 1637 966 domi-

217 998 425 1050 nationis
452 1007 786 1059 excusserant,
824 1013 992 1044 omnes
1022 1005 1203 1044 erratus
1241 1013 1352 1045 suos
1381 997 1638 1062 culpasque

216 1075 474 1126 clementer
493 1076 561 1125 eis
579 1075 882 1137 condonans,
903 1075 1268 1139 immemorque,
1282 1075 1416 1139 juxta
1432 1091 1640 1140 praecep·

218 1163 321 1206 tum
342 1155 577 1216 divinum,
600 1155 759 1206 omnis
776 1153 959 1218 injuriae
981 1153 1156 1203 civium
1176 1169 1374 1207 suorum
1394 1191 1407 1216 ,
1434 1154 1540 1219 ipso
1562 1154 1640 1202 die

217 1248 330 1282 eum
342 1233 574 1281 comitatu
587 1232 907 1280 ducentorum
919 1231 1104 1278 circiter
1117 1242 1414 1280 armatorum
1425 1232 1641 1296 equitum

215 1325 276 1360 ac
318 1309 534 1375 peditum
574 1310 813 1357 civitatem
846 1308 1063 1368 intravit,
1091 1307 1191 1372 jam
1225 1309 1644 1376 advesperascente

220 1386 323 1447 die,
345 1387 444 1435 imo
464 1387 564 1451 jam
584 1396 725 1434 nocte
751 1403 820 1433 cu
821 1386 938 1433 citer
962 1402 1048 1450 per
1065 1384 1186 1433 duas
1205 1386 1380 1435 horas'
1367 1397 1572 1452 incepta.

284 1466 539 1530 Susceptus
555 1473 626 1512 est
645 1474 806 1511 autem
823 1480 852 1511 a
873 1462 1056 1511 civibus
1071 1479 1183 1511 cum
1199 1464 1408 1512 maximo
1425 1467 1644 1520 omnium

219 1541 465 1593 bonorum
485 1542 741 1609 applausu,
759 1540 1076 1590 luminaribus
1095 1558 1180 1606 per
1202 1541 1376 1590 domos
1399 1552 1446 1589 et
1466 1543 1645 1609 plateas

220 1624 295 1673 ω’
333 1620 512 1669 facibus
551 1619 730 1684 ubique
774 1619 1001 1667 accensiS.
1036 1622 1281 1667 Bonorum
1325 1630 1485 1669 autem
1527 1621 1647 1668 dixi-

221 1670 356 1760 muS,
394 1698 591 1763 quando
630 1697 768 1746 multi
810 1696 969 1744 adhuc
1003 1696 1053 1743 in
1082 1696 1270 1744 civitate
1303 1707 1462 1759 erant,
1496 1708 1544 1745 et
1585 1698 1644 1745 de

222 1775 351 1823 clero
377 1785 427 1824 et
448 1775 509 1823 de
529 1775 660 1823 laicis
675 1811 689 1836 ,
720 1773 896 1838 quibus
917 1789 974 1822 ea
996 1789 1070 1820 res
1095 1773 1402 1821 vehementer
1432 1774 1645 1839 displice-

222 1850 307 1900 bat
319 1887 333 1910 ,
373 1869 462 1900 nec
496 1861 684 1917 poterat
719 1851 816 1899 ulla
847 1851 1031 1899 ratione
1065 1867 1235 1898 eorum
1265 1867 1514 1917 perversus
1546 1853 1647 1901 ani-

223 1947 356 1991 mus,
385 1930 510 1978 ferus
533 1946 590 1979 ac
610 1929 873 1978 indomitus
888 1966 901 1990 ,
928 1929 991 1978 ad
1016 1927 1343 1977 obediendum
1370 1930 1527 1980 eidem
1557 1949 1644 1980 suo

224 2007 458 2074 pontifici,
481 2009 558 2058 vel
579 2025 692 2056 eum
708 2007 968 2056 colendum
990 2007 1167 2055 inflecti
1182 2026 1196 2068 3
1213 2007 1297 2056 sed
1318 2018 1433 2056 tunc
1455 2027 1644 2059 necesse

223 2087 291 2135 eis
307 2087 394 2135 suit
416 2096 468 2134 ut
495 2107 517 2130 α
532 2087 682 2135 altum
702 2093 972 2151 premerent
991 2084 1116 2150 [sub]
1129 2085 1275 2133 corde
1298 2085 1516 2135 dolorem
1533 2109 1556 2132 »
1576 2099 1639 2152 et,

224 2166 299 2213 vel
320 2165 536 2214 simulate
553 2202 566 2226 ,
591 2165 780 2228 siguum
805 2163 1009 2228 quodvis
1025 2163 1191 2210 laetitiae
1214 2164 1419 2212 exterriti
1446 2176 1642 2230 porten-

225 2242 409 2292 derent.
454 2246 573 2291 Nam
607 2235 697 2308 ipsi
726 2241 931 2290 nimium
959 2251 1096 2288 erant
1128 2251 1175 2289 et
1214 2259 1416 2291 numero
1451 2254 1498 2291 et
1531 2245 1642 2295 viri·

225 2318 317 2369 hus
356 2321 560 2386 impares
582 2320 657 2368 his
684 2320 767 2384 qui
794 2319 855 2366 de
893 2319 1251 2384 recuperatione
1282 2337 1377 2369 suae
1415 2321 1643 2373 libertatis

226 2405 274 2444 et
292 2406 605 2461 tyrannorum
622 2398 901 2464 depulsione
923 2406 1026 2444 toto
1051 2396 1197 2445 corde
1219 2398 1507 2461 gaudebant.

294 2473 487 2524 Rutheri
508 2485 666 2525 autem
680 2513 694 2538 ,
718 2476 801 2540 qui
822 2474 885 2524 ad
913 2475 1168 2523 commissa
1196 2475 1286 2524 sibi
1317 2494 1463 2543 opera
1486 2479 1642 2530 emissi

230 2551 498 2599 exstiterant
514 2589 527 2613 ,
563 2553 625 2601 ad
659 2569 907 2618 vesperam
939 2552 1191 2600 redeuntes
1206 2590 1219 2613 ,
1258 2552 1450 2618 objectu
1486 2566 1643 2620 porta-

232 2644 338 2675 rum
361 2628 535 2677 intrare
558 2630 811 2695 prohibiti,
841 2646 942 2679 sese
963 2630 1012 2677 in
1033 2629 1313 2680 suburbano
1338 2632 1638 2692 locaverunt,

284 2784 303 2821 ¹
312 2810 324 2822 .
354 2782 528 2836 Corrigez
555 2797 614 2822 ae.
