2060 3392
683 291 833 328 LIBER
859 290 1112 330 SEPTIMUS.
1531 290 1608 327 ¹33

188 378 415 442 obsistat,
450 382 499 428 et
526 379 668 443 hujus
702 379 770 426 rei
807 377 1111 443 assequendae
1146 393 1254 443 spes
1286 377 1354 425 eis
1385 375 1606 425 adimat¹.

189 457 330 506 Unde
370 457 565 506 rescissa
595 457 825 523 pensione
872 473 902 503 1.
943 455 1148 502 millium
1190 464 1436 503 scutorum
1479 455 1605 513 auri,

188 552 337 602 quam
357 538 651 584 Francorum
669 551 751 582 rex
765 550 851 600 per
872 533 1055 598 aliquot
1075 549 1247 593 annos,
1262 532 1414 598 pactis
1425 532 1610 580 interse

188 613 381 673 habitis,
429 613 654 661 Edoardo
698 612 963 675 Anglorum
998 611 1097 674 regi
1131 611 1418 669 exsolverat,
1467 610 1612 675 coepit

190 690 483 758 pedetentim
504 706 673 754 guerra
692 690 817 737 inter
840 687 986 736 ambo
1013 703 1187 752 regna,
1213 704 1317 752 quae
1338 703 1426 753 per
1451 686 1612 752 plures

189 784 344 818 annos
370 769 638 816 intermissa
649 778 696 815 et
710 765 1074 832 quodammodo
1108 765 1262 831 sopita
1292 764 1465 823 fuerat,
1496 764 1612 811 reci-

189 846 301 912 diva
312 846 504 905 exoriri,
527 856 575 894 et
592 862 679 911 per
694 845 870 911 piratas
886 844 1002 891 hinc
1020 843 1133 891 inde
1149 859 1235 908 per
1256 858 1387 889 mare
1408 841 1607 890 turbari.

187 927 244 972 In
263 941 362 990 quo
385 924 600 990 profecto
642 923 822 986 Anglici
843 939 872 970 a
905 923 1068 987 piratis
1097 924 1391 969 Francorum
1429 920 1612 984 majora

188 1001 366 1054 damna
384 1038 398 1062 ,
418 1019 566 1068 quam
590 1003 693 1049 vice
717 1018 851 1049 versa
871 1002 1040 1049 Franci
1054 1000 1117 1049 ab
1140 1000 1358 1064 Anglicis,
1384 1000 1613 1047 sustinue-

186 1090 315 1128 runt.
335 1082 459 1128 Cum
476 1081 607 1128 enim
627 1080 807 1143 Anglici
827 1079 1057 1127 insulares
1075 1079 1169 1126 sint
1184 1114 1197 1137 ,
1220 1094 1411 1125 necesse
1432 1076 1614 1125 habent

189 1157 391 1205 nauticis
422 1155 782 1221 trajectionibus
799 1172 885 1204 sua
903 1172 1122 1204 exercere
1138 1155 1456 1215 commercia3
1480 1154 1614 1219 quod

188 1235 254 1282 ita
286 1233 450 1293 Gallis,
483 1234 568 1281 etsi
593 1231 905 1281 commodum
920 1268 933 1291 ,
970 1233 1169 1280 minime
1197 1242 1358 1280 tamen
1399 1247 1614 1279 necessa-

189 1312 314 1359 rium
349 1312 551 1370 exsistit,
591 1309 766 1375 quibus
802 1310 958 1357 solum
1005 1311 1257 1376 proprium
1294 1319 1467 1357 cuncta
1506 1309 1613 1356 vitae

189 1389 452 1436 necessaria
480 1388 673 1441 ,abunde
695 1386 1021 1435 subministrat
1043 1397 1091 1435 et
1122 1386 1298 1452 quibus
1319 1403 1615 1452 quaquaver-

189 1484 295 1515 sum
328 1468 520 1532 pervius
544 1476 674 1532 patet
688 1501 701 1525 ,
725 1464 907 1529 absque
940 1466 1131 1514 nautica
1151 1466 1454 1530 trajectione,
1483 1463 1614 1512 orbis

189 1553 438 1592 terrarum.

683 1733 756 1778 CA
764 1732 1027 1778 PlTULUM
1060 1733 1119 1777 11.

193 1867 246 1902 De
261 1866 448 1901 immatura
460 1874 574 1902 morte
582 1865 758 1910 Edoardi,
774 1865 971 1913 Anglorum
982 1866 1086 1914 regis,
1100 1874 1135 1900 et
1148 1864 1308 1913 ejusdem
1320 1865 1419 1913 regni
1432 1865 1615 1913 tyrannica

304 1923 541 1971 occupatione
558 1935 623 1970 per
644 1921 863 1957 Richardum
879 1923 955 1970 ejus
972 1923 1130 1966 fratoem,
1151 1921 1278 1957 ducem
1293 1922 1525 1974 Glocestriae..

258 2039 468 2102 Contigit
492 2047 652 2086 autem
677 2047 725 2084 et
756 2053 904 2102 reguo
933 2037 1194 2101 Anglorum
1217 2036 1349 2085 aliud
1384 2052 1485 2084 non
1506 2051 1615 2102 par-

191 2132 306 2164 vum
345 2115 662 2162 infortunium
677 2151 690 2175 ,
727 2131 783 2162 ea
816 2125 1116 2181 tempestate,
1153 2114 1214 2163 de
1254 2114 1410 2162 subita
1433 2114 1544 2162 satis
1570 2124 1617 2161 et

193 2195 447 2242 immatura
465 2194 587 2258 regis
617 2193 688 2240 sui
717 2202 872 2240 morte
902 2192 1128 2241 Edoardi.
1157 2194 1277 2240 Nam
1300 2209 1412 2240 cum
1434 2192 1512 2240 die
1536 2208 1617 2239 ve-

193 2272 319 2319 neris
337 2272 549 2330 sanctae¹,
565 2286 696 2318 anno
719 2286 1053 2318 mccccnxxxm
1068 2287 1204 2318 more
1223 2286 1434 2318 romanae
1454 2269 1612 2328 curiae,

194 2347 323 2395 idem
341 2365 448 2408 rex,
481 2347 751 2396 devotionis
769 2357 816 2395 et
843 2348 1072 2396 orationis
1089 2363 1233 2395 causa
1246 2383 1258 2407 ,
1280 2347 1441 2413 plures
1466 2346 1617 2394 eccle-

196 2425 288 2472 sias
322 2435 370 2472 et
400 2425 509 2473 loca
547 2440 680 2475 sacra
699 2415 1022 2490 perlustrasset
1036 2462 1048 2485 ,
1078 2425 1389 2491 postmodum
1425 2440 1617 2489 quoque

199 2500 414 2561 reficiens
450 2501 625 2550 lassum
656 2518 854 2567 corpus,
892 2512 940 2550 et
971 2502 1200 2550 fructibus
1225 2513 1367 2568 atque
1410 2501 1620 2549 oleribus

255 2653 293 2689 1.
323 2650 354 2689 11
378 2650 458 2689 saut
478 2659 590 2690 noter
608 2653 709 2690 aussi
735 2666 810 2704 que
829 2653 866 2692 le
891 2653 1002 2692 traite
1028 2653 1185 2693 d'Arras
1211 2633 1376 2705 rompait
1398 2653 1435 2691 le
1453 2651 1620 2702 mariage

201 2712 348 2766 projete
366 2721 474 2751 entre
490 2712 526 2751 le
543 2713 714 2765 dauphin
733 2723 771 2753 et
790 2713 894 2753 l’une
916 2715 986 2755 des
1004 2716 1099 2755 fines
1117 2711 1336 2754 d'Edouard
1355 2716 1419 2753 IV.

254 2778 293 2816 2.
325 2775 453 2814 Plutot
470 2783 615 2814 saneta.
