2060 3392
701 305 849 349 LIBER
875 305 1077 346 Pmuus.
1523 309 1595 351 251,

187 393 302 447 dam
337 392 493 456 duxit,
537 393 760 457 quatinus
794 409 982 445 morose
1025 394 1231 457 cogitare
1283 394 1507 444 vellemus
1542 396 1605 446 ad

187 462 497 537 praebendum
527 468 617 524 sibi
649 467 898 524 consilium
913 506 926 530 ‚
952 469 1240 535 quibusnam
1270 471 1440 525 mediis
1463 482 1604 538 atque

187 553 276 606 viis
296 551 361 608 ad
377 551 497 607 illud
521 567 659 606 suum
682 551 817 616 pium
841 550 1153 615 desiderium,
1180 551 1317 616 juxta
1340 552 1472 618 quod
1493 570 1604 601 eum

187 627 586 693 adbnmbamur,
611 627 971 696 adimplendum
993 638 1040 677 et
1062 627 1407 694 perficiendum
1432 647 1608 699 oppon

186 706 351 773 tunius
380 716 523 773 atque
557 705 726 758 melius
755 699 924 772 ¹posset
968 707 1233 773 pervenire.
1285 706 1473 767 Quibus
1511 709 1606 762 suis

185 775 328 840 illecti
357 783 694 849 exhilaratique
730 783 1030 839 sermonibus
1059 784 1278 852 optimis,
1312 786 1482 848 gratias
1502 788 1606 838 Deo

185 861 443 929 agebamus
469 870 573 913 toto
597 861 743 915 corde
766 861 900 927 quod
933 863 977 911 ei
1003 872 1102 912 tam
1130 871 1349 914 sanctum
1378 864 1608 929 piumque

185 939 486 1009 propositum
517 939 814 1011 inspirasset,
853 938 983 988 unde
1013 939 1102 989 toti
1125 947 1271 1003 reg'no
1305 949 1352 991 et
1383 940 1609 993 omnibus

186 1015 403 1082 ejusdem
431 1017 606 1069 accolis
640 1026 780 1070 tantae
816 1027 864 1064 et
896 1026 996 1068 tarn
1028 1015 1362 1067 desiderabiles
1391 1018 1610 1071 utilitates

187 1103 284 1148 tam
296 1093 488 1161 publice
505 1111 651 1160 quam
668 1095 890 1161 privatim
901 1105 1201 1161 proventurae
1218 1105 1373 1144 essent
1388 1114 1399 1143 :
1417 1107 1609 1147 orantes

186 1173 344 1225 Deum
371 1189 484 1225 cum
516 1172 650 1225 omni
683 1172 964 1234 devotione,
992 1182 1046 1220 ut
1083 1183 1183 1221 tam
1221 1172 1459 1225 laudabile
1495 1191 1610 1241 pro-

186 1249 395 1316 positum
421 1250 471 1301 in
502 1266 562 1298 eo
597 1266 878 1303 conservare
912 1260 959 1297 et
996 1249 1059 1301 ad
1091 1250 1277 1304 felicem
1309 1262 1359 1299 et
1394 1262 1610 1317 optatum

187 1324 408 1376 effectum
443 1326 702 1393 perducere
745 1345 831 1377 sua
867 1327 1167 1380 miseratione
1212 1327 1307 1389 sibi
1347 1329 1610 1378 concedere

188 1402 478 1469 dignaretur.
513 1408 571 1453 Et
599 1405 710 1454 licet
736 1405 891 1472 prima
918 1405 1035 1454 facie
1049 1442 1063 1468 ,
1089 1405 1151 1456 ad
1174 1415 1316 1459 tantae
1341 1406 1410 1455 rei
1430 1407 1610 1460 molem

187 1480 488 1533 subeundam
531 1483 689 1533 minus
739 1482 941 1535 idoneos
979 1492 1028 1535 et
1068 1481 1353 1534 sufficientes
1386 1500 1486 1531 esse
1521 1500 1610 1532 nos

186 1557 428 1612 humiliter
467 1559 761 1620 excusand0‚
810 1560 1043 1625 plurimos
1084 1575 1198 1608 vero
1237 1559 1455 1612 subditos
1485 1562 1611 1609 viros

187 1637 421 1703 sapientes
440 1647 488 1686 et
506 1637 765 1704 prudentes
787 1637 965 1691 habere
997 1654 1047 1688 se
1074 1638 1125 1685 in
1144 1654 1293 1702 regno
1319 1639 1605 1701 diceremus,

189 1713 272 1779 qui
293 1730 435 1781 super
461 1715 538 1765 his
573 1714 742 1782 rebus,
776 1716 816 1763 si
848 1716 1096 1781 exquirere
1130 1715 1192 1770 ab
1218 1716 1284 1764 eis
1314 1716 1605 1779 dignaretur,

190 1789 496 1843 saluberrima
513 1793 712 1844 consilia
729 1803 777 1840 et
804 1792 1076 1845 fidelissima
1095 1793 1230 1846 facile
1251 1793 1365 1844 dare
1389 1805 1605 1860 possent,

191 1866 332 1918 nobis
370 1879 553 1931 tamen,
583 1870 894 1938 imprecando
932 1871 1066 1933 licet,
1108 1872 1312 1936 injunxit
1349 1882 1403 1919 ut
1435 1889 1610 1926 munus

190 1945 521 2011 hujuscemodi
542 1946 687 1999 dandi
711 1947 803 1998 sihi
823 1949 1007 1997 consilii
1028 1948 1311 2002 subiremus.
1339 1950 1484 2009 Quod
1507 1961 1608 2002 esto

190 2024 348 2072 minus
379 2024 552 2072 idonee
574 2043 662 2073 nec
690 2027 800 2074 satis
821 2026 988 2091 digne,
1028 2044 1118 2092 pro
1152 2028 1221 2074 rei
1255 2028 1606 2094 magnitudine,

190 2117 281 2154 uos
306 2118 445 2167 posse
467 2101 618 2152 facere
640 2103 998 2192 profiteremur,
1021 2114 1182 2157 tamen
1205 2106 1318 2171 quia
1341 2115 1480 2153 tantae
1503 2123 1608 2157 ma-

184 2178 363 2243 jestatis
397 2189 539 2245 atque
581 2178 822 2245 dignitatis
858 2183 944 2232 viri
981 2199 1145 2249 preces
1171 2184 1341 2231 merito
1375 2200 1464 2250 pro
1498 2184 1608 2247 jus-

189 2255 323 2308 sione
357 2257 572 2322 accipere
610 2258 907 2311 debebamus
922 2297 936 2322 ,
972 2276 1062 2347 pro
1097 2259 1406 2312 obedientiae
1417 2259 1605 2326 debito,

189 2332 330 2384 simul
350 2336 494 2384 etiam
515 2353 574 2387 ex
595 2336 788 2385 ferventi
810 2331 1018 2388 caritatis
1040 2339 1142 2388 zelo
1165 2348 1213 2386 et
1230 2339 1468 2390 viscerosa
1482 2355 1610 2394 com·

190 2411 407 2475 passione
421 2449 435 2474 ,
459 2429 605 2477 quam
629 2414 840 2465 donante
862 2417 950 2472 Dei
981 2416 1306 2467 misericordia
1328 2416 1391 2464 ad
1411 2417 1609 2468 miseros

189 2487 297 2538 illos
322 2497 370 2539 et
389 2489 690 2540 calamitosos
722 2493 929 2558 populos
958 2494 1092 2558 regui
1117 2510 1303 2559 semper
1328 2492 1605 2553 habuimuS,

191 2563 392 2614 libenter
426 2566 489 2614 ad
526 2569 778 2618 eonsilium
816 2587 957 2636 super
993 2570 1227 2637 praedictis
1258 2571 1487 2636 majestati
1514 2586 1607 2619 suae

190 2639 392 2689 fideliter
428 2645 744 2708 praestandum
767 2663 962 2712 operam
990 2647 1211 2698 dedimus
1233 2667 1245 2707 ;
1278 2665 1367 2696 nec
1391 2646 1608 2695 laborem

193 2716 369 2779 ullum,
407 2719 535 2769 unde
571 2731 729 2771 tantus
762 2725 940 2789 sperari
969 2734 1127 2791 posset
1158 2734 1476 2792 proventurus
1509 2739 1608 2772 esse

194 2794 392 2858 fructus,
414 2807 646 2860 quantum
675 2816 731 2848 ex
749 2800 906 2848 verbis
930 2811 979 2850 et
1004 2801 1305 2851 sermonibus
1332 2802 1451 2861 suis,
1476 2800 1607 2865 quod
