2060 3392
505 292 581 330 338
1071 287 1323 326 APOLOGIA
1335 317 1346 335 ‚

504 379 638 428 omni
669 377 960 441 obligatione
998 376 1233 442 praecipue
1271 374 1444 423 debeat
1476 373 1584 423 finis
1619 373 1921 438 obligationis

503 452 701 515 attendi,
727 450 939 517 episcopi
960 459 1120 498 autem
1140 467 1190 498 se
1211 449 1426 513 obligent
1453 447 1517 496 ad
1540 448 1776 514 pastorale
1804 447 1919 496 offi-

502 532 632 578 cium
655 528 1011 594 exsequendum
1039 538 1234 594 propter
1262 527 1563 576 subditorum
1591 527 1812 588 salutem,
1834 525 1919 574 uhi

502 607 806 656 subditorum
830 607 956 654 salus
978 606 1119 669 exigit
1138 622 1352 671 personae
1374 605 1572 670 pastoris
1596 603 1916 669 praesentiam,

502 694 603 732 non
625 684 769 732 debet
792 693 955 750 pastor
985 699 1173 747 gregem
1194 700 1334 731 suum
1353 682 1662 755 personaliter
1684 681 1916 742 deserere,

502 778 657 826 neque
678 771 874 827 propter
897 760 1092 824 aliquod
1123 759 1435 808 commodum
1457 759 1740 825 temporale,
1765 774 1922 823 neque

501 849 697 904 propter
723 839 971 904 personale
996 839 1262 904 periculum
1283 836 1374 885 sibi
1401 838 1674 898 imminens,
1698 852 1810 891 cum
1832 835 1923 883 bo-

501 933 592 964 nus
616 927 778 982 pastor
800 915 973 964 debeat
993 933 1173 982 ponere
1197 916 1408 964 animam
1430 932 1518 980 pro
1541 914 1711 962 ovibus
1735 914 1848 962 suis.
1873 913 1922 960 Si

500 1010 615 1042 vero
651 994 953 1042 subditorum
987 994 1125 1042 saluti
1158 994 1307 1059 possit
1337 1010 1422 1059 per
1453 993 1600 1041 alium
1636 991 1924 1040 sufficienter

500 1072 744 1136 provideri
767 1072 818 1119 in
843 1071 1059 1120 absentia
1089 1072 1309 1137 pastoris,
1345 1081 1461 1118 tunc
1482 1071 1591 1118 licet
1610 1070 1814 1136 pastori,
1847 1070 1924 1119 vel

432 1183 437 1188 ,
500 1159 697 1215 propter
727 1149 923 1214 aliquod
953 1148 1159 1197 ecclesiae
1192 1147 1529 1210 commodum,
1568 1147 1642 1196 vel
1674 1147 1924 1213 personale

501 1225 593 1273 sibi
627 1227 883 1275 imminens
915 1227 1180 1293 periculum
1193 1263 1206 1289 ,
1234 1226 1544 1291 corporaliter
1581 1241 1771 1289 gregem
1794 1224 1925 1274 dese-

501 1319 622 1351 rere.
653 1323 678 1349 »2
1563 1312 1571 1318 “

568 1380 662 1429 Sed
693 1391 819 1430 certe
833 1419 846 1444 ,
879 1397 1157 1447 quanquam
1189 1380 1291 1429 haec
1321 1379 1596 1442 indubitata⁴
1616 1380 1731 1441 sint,
1764 1389 1925 1428 tamen

502 1475 660 1522 casus,
699 1460 782 1523 qui
817 1476 907 1507 nos
940 1447 1196 1522 contingit,
1230 1459 1382 1506 multo
1416 1459 1577 1506 minus
1614 1457 1927 1506 dubitationis

500 1536 666 1598 habet,
696 1554 808 1585 cum
833 1554 935 1585 non
957 1537 1208 1602 spontanei
1234 1546 1316 1584 aut
1339 1535 1595 1583 voluntarii
1618 1534 1928 1600 corporaliter

503 1631 693 1679 gregem
723 1624 770 1662 et
793 1614 1041 1682 ecclesiam
1063 1623 1277 1661 nostram
1298 1613 1662 1674 deseruerimus,
1689 1606 1779 1660 sed‘
1793 1611 1927 1659 inviti

503 1693 642 1741 valde
674 1703 721 1740 et
745 1692 917 1740 coacti.
949 1694 1070 1739 Cum
1099 1692 1252 1752 enim,
1279 1691 1349 1738 uti
1373 1706 1517 1756 supra
1542 1689 1636 1738 late
1661 1689 1924 1750 retulimuS,

505 1769 568 1818 ad
590 1785 750 1833 regem
781 1769 1134 1824 revertissemus
1164 1769 1224 1815 de
1245 1769 1342 1816 suis
1370 1768 1652 1833 plenissimis
1673 1766 1930 1815 securitati-

503 1847 596 1896 bus
629 1847 826 1910 confisi,
863 1864 964 1895 non
995 1848 1089 1895 alio
1121 1847 1284 1895 animo
1312 1862 1468 1911 neque
1497 1840 1762 1894 intentione
1783 1861 1928 1910 quam

504 1936 574 1988 ut,
600 1926 910 1992 personaliter
931 1925 983 1972 in
1009 1925 1391 1984 ecclesia„nostra
1417 1924 1719 1972 residentiam
1741 1923 1926 1985 facturi,

506 2003 742 2068 pastorale
768 2012 1039 2068 susceptum
1061 2001 1273 2049 officium
1294 2018 1383 2067 pro
1407 2002 1643 2049 concessis
1670 2017 1699 2049 a
1719 2001 1929 2049 Domino

507 2079 686 2128 viribus
710 2095 1092 2144 exsequeremur,
1122 2079 1348 2127 violentia
1371 2079 1564 2144 praecisa
1586 2079 1821 2144 compulsi
1842 2077 1931 2126 fui-

508 2174 633 2219 mus,
665 2157 845 2205 nedum
873 2156 1116 2204 dioecesim
1144 2165 1226 2203 aut
1259 2156 1558 2220 provinciam
1591 2172 1691 2203 non
1722 2156 1926 2218 intrare,

511 2237 597 2284 sed
618 2236 835 2283 exsilium
855 2235 918 2283 ad
937 2244 1168 2282 trecentas
1191 2234 1349 2282 leucas
1370 2245 1553 2283 remote
1573 2244 1621 2283 et
1637 2244 1766 2282 extra
1786 2235 1931 2283 totius

510 2313 643 2376 regni
657 2313 829 2360 limites
844 2311 1003 2359 subire
1025 2321 1071 2359 et
1086 2312 1304 2359 tolerare.
1327 2314 1385 2358 Et
1401 2313 1465 2360 ita
1482 2312 1702 2377 profecto·
1714 2329 1815 2360 non
1832 2324 1929 2362 tam

513 2390 759 2438 ecclesiam
780 2389 1058 2453 reliquimus
1079 2389 1154 2436 vel
1182 2388 1344 2436 sedem
1365 2389 1668 2450 mutavimus,
1697 2405 1843 2453 quam
1863 2391 1933 2437 in-

515 2466 598 2514 viti
631 2474 679 2512 et
706 2465 896 2530 praecise
927 2464 1078 2511 coacti
1107 2464 1155 2511 vi
1187 2473 1235 2510 et
1261 2463 1475 2528 potentia
1503 2464 1701 2528 majore,
1735 2465 1813 2512 cui
1841 2481 1931 2512 nec

515 2543 726 2591 resistere
747 2558 836 2589 nec
854 2541 1074 2589 reluctari
1094 2540 1193 2587 ullo
1217 2550 1356 2606 pacto
1382 2550 1671 2606 poteramus,
1696 2543 1865 2590 mutati
1884 2552 1932 2590 et

513 2619 649 2682 ejecti
669 2627 812 2681 atque
841 2617 892 2663 in
919 2616 1136 2664 exsilium
1158 2616 1334 2663 detrusi
1363 2616 1551 2664 fuimus.
1581 2621 1781 2683 Propter
1799 2617 1932 2682 quod

517 2712 617 2742 non
647 2709 960 2759 magnopere,
978 2694 1139 2757 quoad
1157 2709 1319 2741 casum
1335 2695 1500 2742 attinet
1517 2705 1752 2758 nostrum,
1771 2696 1932 2761 dispu-

518 2783 617 2822 tare
638 2782 720 2820 aut
737 2771 991 2819 defendere
1011 2770 1263 2833 habemus,
1287 2773 1324 2819 si
1343 2770 1481 2820 liceat
1497 2773 1724 2838 episcopo
1739 2783 1934 2838 propter
