2060 3392
482 317 559 354 164
845 314 1190 351 HISTORIARUM
1217 314 1456 351 LUDOVICI
1484 313 1539 349 XI

480 403 712 451 Paulatim
742 418 854 448 vero
876 403 943 448 eis
971 401 1031 448 de
1055 401 1112 448 sti
1148 401 1292 449 endio
1321 400 1586 461 satisfactis,
1613 415 1698 464 per
1721 409 1899 448 turmas

480 468 667 528 ciuitate
682 479 907 527 excedere
927 488 974 526 et
988 479 1082 526 alio
1095 418 1245 541 albim,
1269 496 1367 544 quo
1383 478 1606 544 princeps
1624 476 1894 546 ordinabat,

477 557 711 623 compulsi
745 546 875 616 sunt3
917 566 964 603 et
998 555 1314 621 pedetentim,
1346 555 1435 604 sub
1473 555 1694 603 ordinem
1729 554 1801 611 eisx
1823 571 1896 603 re-

479 636 643 695 dactis,
668 635 899 682 violentiae
922 651 1102 682 cessare
1123 651 1298 699 magna
1316 653 1372 683 ex
1390 645 1524 701 parte
1545 643 1809 700 coeperunt.
1838 639 1843 644 '

502 755 504 757 ,
543 713 784 760 immorati
811 713 1109 776 aliquantum
1133 713 1252 761 forte
1273 714 1413 761 latius
1434 730 1598 761 sumus
1621 713 1684 760 ad
1711 712 1896 778 Trajec-

476 799 628 837 tenses
662 787 932 835 referendas
965 787 1220 838 seditiones
1255 788 1634 853 rebellionesque
1671 786 1898 836 adversus

473 883 614 913 suum
635 863 936 930 pontificem,
965 863 1026 910 ad
1051 880 1169 929 quas
1193 864 1255 911 ab
1279 865 1477 928 antiquo
1499 864 1733 930 proclives
1754 873 1803 912 et
1823 879 1896 911 as-

473 952 631 990 suetos
654 941 797 989 fuisse
823 957 991 988 eorum
1015 941 1065 987 in
1093 941 1347 989 annalibus
1369 951 1512 1005 atque
1541 941 1750 989 historiis
1773 941 1896 990 rela-

471 1030 575 1067 tum
597 1018 852 1079 invenitur,
884 1028 930 1065 et
953 1018 1111 1066 forsan
1141 1019 1345 1084 amplius
1374 1035 1522 1083 quam
1549 1028 1767 1066 nostrum
1788 1033 1896 1084 pos-

470 1109 598 1146 ceret
623 1098 888 1145 institutum
923 1114 1191 1162 munusque
1217 1106 1518 1163 susceptum„
1540 1097 1633 1145 Sed
1663 1098 1894 1162 quoniam

469 1177 517 1223 in
550 1176 636 1223 has
663 1173 945 1222 rebelliones
971 1174 1274 1221 incurrerunt
1295 1173 1384 1221 sub
1413 1190 1471 1222 ea
1499 1190 1646 1238 quam
1668 1173 1895 1239 gerebant

467 1270 551 1318 spe
576 1252 711 1317 quod
738 1255 1031 1300 Francorum
1063 1268 1162 1314 rex,
1189 1252 1271 1315 qui
1298 1251 1480 1300 bellum
1507 1251 1732 1299 adversus
1764 1251 1893 1299 illus-

467 1331 724 1377 trissimum
757 1329 1131 1376 Maximilianum
1167 1345 1369 1393 suasque
1410 1338 1558 1375 terras
1593 1338 1862 1394 susceperat
1876 1366 1889 1390 ,

468 1425 575 1455 suas
611 1423 904 1471 suorumque
937 1407 1060 1453 vires
1096 1407 1296 1454 omnino
1333 1415 1597 1471 protereret
1613 1443 1626 1467 ,
1651 1415 1893 1471 terrasque

467 1501 575 1532 suas
593 1484 811 1532 dominio
831 1499 919 1530 suo
938 1482 1180 1546 adjiceret,
1210 1499 1283 1546 ac,
1313 1500 1399 1548 per
1421 1484 1538 1546 haec,
1565 1484 1655 1548 ipsi
1675 1483 1735 1531 de
1758 1485 1893 1532 totali

468 1564 621 1610 ruina>
638 1561 812 1609 domus
844 1560 1127 1625 Burgundiae
1159 1561 1327 1624 suique
1357 1561 1622 1624 dejectione
1653 1562 1892 1625 pontificis

468 1641 588 1705 (qui,
624 1640 693 1687 uti
716 1639 930 1705 superius
956 1638 1221 1698 retulimus,
1258 1648 1358 1686 erat
1380 1638 1504 1686 filius
1532 1639 1758 1686 naturalis
1783 1639 1892 1686 Phi-

464 1717 583 1782 lippi
614 1718 849 1781 fraterque
879 1717 1062 1775 Caroli,
1101 1716 1290 1762 illustris
1330 1717 1570 1764 memoriae
1595 1717 1893 1781 Burgundio-

469 1809 586 1838 num
620 1790 819 1855 ducum)
851 1808 991 1838 suum
1027 1791 1324 1855 complerent
1356 1789 1644 1838 desiderium
1676 1791 1807 1855 (nam
1840 1791 1888 1838 in

465 1885 548 1916 eos
575 1868 864 1934 implacabili
897 1885 1031 1934 paene
1063 1867 1176 1914 odio
1209 1884 1383 1931 magna
1415 1885 1587 1915 eorum
1616 1885 1726 1934 pars
1761 1869 1888 1916 inar-

467 1946 735 2011 ‹lescebat);
764 1947 905 1994 simul
928 1946 1070 1992 etiam
1095 1945 1207 2010 quia
1222 1955 1337 1993 tunc
1361 1962 1449 1993 nos
1462 1948 1491 2007 ¹,
1517 1936 1730 2010 ejusdem
1750 1962 1890 1994 acco·

467 2023 548 2070 lae²
579 2024 802 2085 civitatis,
838 2040 1034 2076 omnem
1071 2023 1139 2070 rei
1167 2023 1338 2070 seriem
1365 2023 1553 2088 plenius
1575 2024 1883 2088 agnovimus:

468 2101 646 2148 idcirco
664 2118 764 2148 non
783 2101 845 2148 ab
867 2118 917 2148 re
935 2102 1057 2148 inter
1080 2111 1208 2164 gesta
1228 2101 1455 2148 Ludovici
1477 2102 1614 2164 regis,
1636 2118 1740 2165 quae
1754 2089 1901 2149 enar:

466 2177 617 2224 randa
636 2178 945 2243 suscepimUS,
965 2177 1091 2224 hanc
1105 2177 1317 2241 ipsorum
1337 2177 1702 2240 Trajectensium
1718 2187 1887 2242 tragoe-

468 2254 597 2302 diam
637 2253 937 2301 inserendam
977 2271 1076 2301 esse
1113 2254 1399 2318 putavimuS.
1440 2243 1542 2318 lpse
1577 2254 1705 2301 enim
1736 2243 1887 2304 sciens

468 2332 736 2379 inimicitias
759 2348 876 2395 quas
901 2331 963 2378 ad
988 2331 1241 2378 dominum
1273 2331 1666 2390 Maximffianum,
1698 2331 1884 2381 hostem

466 2428 623 2471 suum,
646 2427 881 2474 suumque
903 2408 1188 2473 exercebant
1204 2403 1497 2473 pontificem,
1519 2426 1602 2457 eos
1625 2430 1647 2454 «
1671 2427 1782 2458 suos
1799 2410 1883 2459 bo-

466 2504 556 2535 nos
584 2489 764 2536 amicos
789 2507 811 2532 »
850 2487 1088 2553 appellare
1119 2496 1396 2546 consuerat,
1423 2497 1469 2533 et
1498 2504 1584 2552 per
1614 2487 1792 2536 litteras
1819 2489 1886 2537 eis

466 2565 692 2629 auxilium
716 2575 935 2631 praestare
953 2565 1104 2611 fuerat
1125 2563 1377 2628 pollicitus.
1409 2564 1552 2622 Quod
1573 2565 1885 2630 quemadmo-

521 2745 558 2781 1.
587 2744 648 2782 Sic
667 2742 890 2789 Mattllaeu53
912 2756 972 2780 eos
991 2742 1084 2780 dans
1103 2742 1138 2779 le
1157 2755 1227 2779 ms.

518 2807 558 2845 2.
588 2804 790 2844 Matthaeus
812 2807 949 2843 Incola.
