2060 3392
441 294 520 332 3¹¹2
1013 291 1285 339 APOLOGIA,

897 478 1240 524 CAPITULUM
1273 479 1395 524 XIX.

437 612 632 659 Quomodo
648 612 760 648 nostri
769 622 1027 660 persecutores,
1044 625 1111 649 nos
1125 625 1146 648 e
1161 614 1288 648 saeculo
1300 613 1466 661 migrante
1481 614 1733 663 confingentes,
1748 616 1860 653 eodo-

483 670 569 705 siam
585 678 755 715 nostram,
769 676 938 716 tanquam
948 683 1014 718 per
1029 669 1167 705 obitum
1184 678 1344 705 nostrum
1359 678 1554 718 vacantem,
1570 681 1652 708 sunt
1665 672 1858 721 prosecuti,

482 735 517 762 et
531 725 576 762 de
591 726 742 762 transitu
757 739 801 762 ex
815 727 949 762 Basilea
964 726 1003 762 in
1016 726 1255 763 Brabantiam.

502 850 734 908 Quinimo
779 849 1166 914 confingentibus
1211 851 1384 898 nostris
1436 851 1860 902 calumniatoribus

435 928 568 992 quod
590 945 648 976 ex
669 928 765 976 hoc
783 928 955 976 saeculo
978 929 1338 992 migrassemus,
1365 929 1679 978 obtinuerunt
1707 931 1770 979 ab
1798 948 1859 981 eo

435 1006 611 1053 litteras
631 1005 694 1053 ad
719 1022 963 1053 summum
981 1004 1278 1071 pontificem¹
1294 1015 1342 1053 et
1357 1006 1582 1055 dominos
1596 1007 1861 1058 cardinales

434 1083 567 1147 quod
593 1083 653 1130 de
689 1083 888 1131 ecclesia
909 1092 1071 1132 nostra
1092 1083 1266 1131 stolido
1297 1083 1427 1132 fratri
1448 1085 1574 1132 illius
1594 1086 1859 1151 impiissimi

434 1161 643 1209 satellitis
654 1161 744 1222 sui,
759 1161 819 1208 de
829 1177 927 1224 quo
940 1177 1085 1227 supra
1091 1162 1412 1224 meminimuS,
1425 1162 1680 1227 providere
1697 1165 1856 1228 vellet,

433 1248 663 1302 tanquam
691 1255 776 1303 per
808 1238 995 1286 obitum
1018 1248 1236 1287 nostrum
1258 1249 1472 1288 vacante.
1503 1239 1584 1287 Ad*
1597 1241 1861 1307 capitulum

434 1317 577 1364 etiam
600 1326 819 1365 nostrum
846 1317 1161 1366 obtinuerunt
1192 1318 1392 1379 litteras,
1429 1335 1517 1384 per
1539 1335 1658 1383 quas
1680 1335 1763 1366 rex
1791 1320 1860 1368 eis

434 1394 695 1443 mandabat
735 1405 970 1459 quatenus
1000 1395 1223 1443 eumdem
1266 1395 1450 1444 fatuum
1490 1397 1540 1444 in
1579 1397 1859 1463 episcopum

433 1487 576 1519 suum
611 1472 856 1534 eligerent.
900 1474 1023 1520 Cum
1062 1471 1238 1536 quibus
1287 1473 1426 1536 regiis
1456 1474 1695 1538 epistolis»,
1741 1490 1860 1539 quas

433 1549 549 1596 tales
577 1560 624 1596 et
644 1550 817 1597 totiens
845 1549 1151 1611 obtinebant,
1185 1551 1407 1615 quotiens
1437 1561 1485 1598 et
1515 1551 1679 1615 quales
1698 1562 1859 1617 petere

432 1626 714 1687 voluissent,
740 1627 857 1675 bina
886 1629 987 1675 vice
1017 1627 1080 1681 ad
1110 1643 1361 1675 romanam
1385 1629 1568 1676 curiam
1591 1629 1859 1695 sumptibus

433 1707 605 1753 nostris
625 1715 672 1753 et
694 1705 756 1752 de
774 1706 981 1753 ecclesiae
1000 1715 1171 1753 nostrae
1193 1705 1528 1770 proventibus,
1557 1723 1679 1770 quos
1694 1708 1744 1754 in
1764 1709 1860 1756 suis

431 1781 675 1830 habebant
699 1781 940 1844 manibuS‚
967 1783 1228 1847 legationes
1250 1783 1499 1844 miserunt,
1530 1792 1755 1847 tantaque
1774 1785 1859 1831 im-

432 1861 737 1925 portunitatis
771 1861 995 1909 instantia
1023 1862 1268 1909 stultitiam
1305 1877 1440 1908 suam
1473 1861 1772 1910 manifestam
1794 1863 1860 1911 fe-

432 1947 625 1999 cerunt,
663 1948 717 1985 ut
742 1939 1067 2003 provisionem
1098 1939 1159 1986 de
1185 1940 1287 2003 ipsa
1317 1949 1481 1987 nostra
1504 1939 1728 1998 ecclesia,
1757 1949 1859 1990 tan-

432 2031 578 2079 quam
591 2032 678 2081 per
695 2016 882 2064 obitum
895 2027 1113 2064 nostrum
1127 2027 1343 2078 vacante,
1365 2017 1664 2082 desuperque
1681 2018 1859 2066 litteras

432 2093 717 2157 apostolicas
741 2109 790 2140 se
815 2103 1081 2158 reportasse
1115 2094 1274 2159 palam
1315 2094 1542 2142 omnibus
1566 2095 1853 2159 jactitarent.

432 2170 562 2226 Quas
577 2169 793 2234 profecto
808 2171 846 2217 si
858 2170 939 2230 ita,
961 2172 1029 2217 uti
1041 2188 1091 2219 se
1098 2171 1359 2235 jactabant,
1382 2171 1694 2220 obtinuerunt
1703 2172 1856 2236 (quod

432 2263 531 2293 non
568 2248 679 2295 satis
706 2248 960 2297 verisimile
986 2251 1349 2315 existimamus),
1375 2251 1580 2298 irrisorie
1617 2251 1684 2298 eis
1714 2250 1856 2299 fuisse

431 2341 679 2373 concessas
693 2363 705 2386 ‚
732 2343 843 2373 cum
866 2327 927 2375 de
951 2327 1087 2375 obitu
1108 2339 1273 2376 nostro
1296 2329 1416 2376 nihil
1446 2329 1646 2376 omnino
1671 2339 1857 2378 consta-

431 2412 527 2463 ret,
563 2402 625 2450 ad
658 2420 827 2450 eorum
858 2406 1144 2453 temeritates
1172 2407 1647 2472 importunitatesque
1682 2407 1855 2472 depel-

430 2479 596 2527 lendas
630 2481 789 2528 nullus
826 2482 1110 2531 addubitare
1148 2493 1319 2548 potest.
1363 2483 1502 2531 Unde
1535 2484 1680 2549 paulo
1712 2495 1850 2551 post,

430 2574 541 2604 cum
562 2558 746 2621 liquido
768 2560 818 2605 in
842 2561 963 2623 regis
987 2562 1118 2608 curia
1140 2572 1188 2609 et
1208 2578 1294 2627 per
1313 2572 1466 2610 totam
1488 2564 1849 2625 Normanniam,

429 2635 664 2700 praecipue
701 2636 750 2684 in
787 2647 949 2685 nostra
987 2638 1183 2686 ecclesia
1214 2650 1260 2687 et
1300 2639 1516 2699 dioecesi,
1549 2650 1849 2706 compertum

484 2800 521 2836 1.
554 2796 666 2835 Alors
685 2797 778 2836 Paul
803 2800 855 2838 11.

2037 3025 2060 3096 mk]
2056 2956 2060 2978 ..

2036 3210 2060 3392 §a—Wssss-
2044 3139 2059 3200 ,ιν-Α
2052 3108 2060 3123 ‘-
