2060 3392
663 292 812 329 LIBER
837 291 1038 329 Plunms.
1490 290 1566 326 309

142 382 356 449 jumodi
391 381 543 442 color,
581 395 727 444 quem
763 378 825 426 ad
852 377 1153 425 suadendum
1182 376 1280 440 regi
1317 392 1406 442 pro
1447 375 1572 423 obti-

149 461 311 510 nenda
335 457 602 508 revertendi
635 457 825 504 licentia
854 454 1236 503 obtendebamus
1253 490 1266 513 ,
1309 453 1432 516 regis
1470 454 1576 500 ani-

150 556 286 589 mum
322 539 386 588 ad
428 536 732 586 retinendum
770 550 860 582 nos
898 534 1005 596 illo,
1049 530 1449 599 prosequentibus
1483 530 1576 577 illis

151 617 388 667 sceleratis
430 625 478 663 et
515 614 676 679 impiis
708 611 990 660 hominibus
1005 648 1018 671 ,
1057 611 1263 659 maxime
1296 607 1571 656 inducebat.

152 699 271 756 Qum
292 711 368 743 res
393 710 480 760 per
502 709 594 740 nos
618 691 778 755 agnita
808 707 866 737 ex
891 690 1060 738 talium
1089 689 1238 737 relatu
1266 687 1547 734 nuntiorum
1560 722 1575 746 ,

153 773 246 822 ab'
277 771 486 821 amicitia
547 769 690 816 nobis
744 767 1144 831 conjunctissimis
1194 765 1543 813 destinatorum
1561 799 1575 823 ,

154 851 323 901 anxios
341 867 432 898 nos
443 848 584 897 valde
598 857 741 911 atque
764 846 966 912 pavidos
991 845 1213 906 faciebat,
1239 853 1582 907 cognoscentes

155 930 300 978 talem
325 929 388 977 ad
418 945 508 976 nos
540 943 702 990 regem
726 943 783 973 ex
808 926 1059 973 calumniis
1087 924 1405 990 pessimorum
1421 922 1580 970 homi-

157 1023 277 1054 num
296 1022 458 1070 gerere
485 1004 798 1052 voluntatem.
835 1006 930 1050 Nec
960 1002 1177 1068 profecto
1199 1001 1410 1065 quietem
1437 999 1584 1046 ullam

157 1085 308 1133 animi
327 1083 404 1131 vel
422 1082 639 1148 corporis
655 1080 859 1129 subinde
878 1081 1094 1127 invenire
1120 1079 1383 1144 potuimus,
1409 1076 1584 1137 donec,

158 1160 408 1210 Sabaudiae
438 1170 586 1208 terras
604 1159 802 1222 ingressi
820 1196 834 1216 ,
861 1158 991 1205 velut
1021 1173 1183 1222 passer
1207 1165 1396 1220 ereptus
1429 1154 1490 1201 de
1523 1153 1590 1200 la-

161 1239 294 1304 queis
314 1238 618 1297 venantium,
653 1237 817 1284 divina
851 1253 942 1283 nos
974 1244 1254 1301 protegente
1285 1243 1332 1280 et
1357 1232 1590 1295 dirigente

163 1317 418 1365 clementia
433 1353 447 1377 ,
473 1315 534 1362 de
556 1315 700 1362 tantis
721 1314 946 1379 periculis
965 1312 1153 1360 liberati
1171 1312 1367 1358 suimus,

229 1397 339 1441 Haec
371 1393 512 1457 igitur
554 1392 806 1439 necessitas
845 1407 936 1438 nos
956 1390 1108 1437 tenuit
1142 1405 1247 1452 quae
1282 1398 1429 1435 terras
1453 1386 1591 1450 regiae

164 1473 359 1521 ditionis
393 1472 520 1520 exire
553 1470 883 1536 compelleret,
911 1470 950 1516 si
980 1479 1153 1516 nostrae
1185 1468 1348 1526 saluti,
1381 1467 1421 1514 si
1452 1465 1593 1514 liber-

164 1551 276 1610 tati,
325 1550 365 1597 si
407 1549 510 1596 vitae
547 1548 820 1595 consultum
862 1563 962 1594 esse
1006 1546 1248 1594 vellemus.
1291 1548 1389 1592 Nec
1429 1554 1593 1592 tamen

166 1627 413 1676 omisimus
432 1641 599 1672 curare
627 1634 675 1670 et
704 1634 914 1687 satagere
944 1632 997 1670 ut
1019 1623 1142 1686 regis
1168 1622 1386 1669 animum
1417 1620 1480 1668 ad
1501 1620 1594 1667 cle-

167 1705 397 1753 mentiam
420 1719 533 1769 erga
568 1719 675 1760 nos,
708 1702 748 1749 si
781 1700 1035 1748 exorabilis
1060 1700 1220 1746 fuisset
1234 1737 1245 1758 ‚
1275 1699 1589 1745 flecteremus.

169 1785 291 1830 Nam
314 1791 362 1829 et
383 1798 470 1847 per
494 1797 634 1828 suum
648 1778 929 1844 praedictum
952 1778 1195 1836 nuntium,
1218 1777 1301 1840 qui
1324 1791 1431 1822 suas
1454 1773 1597 1821 nobis

169 1861 393 1926 epistolas
428 1859 702 1907 reddiderat
717 1894 730 1917 ,
763 1869 810 1905 et
837 1858 1012 1905 deinde
1046 1873 1133 1922 per
1157 1856 1408 1922 proprium
1437 1853 1597 1919 capel-

171 1939 338 1986 lanum
354 1973 367 1997 ,
401 1954 544 2002 quem
576 1937 720 2000 hujus
756 1937 826 1983 rei
863 1936 1010 1999 gratia
1041 1935 1104 1982 ad
1140 1935 1298 2000 ipsum
1332 1943 1380 1980 et
1414 1933 1599 1980 curiam

171 2031 310 2064 suam
342 2011 556 2062 misimus
572 2051 584 2074 ‚
611 2015 790 2062 litteras
823 2013 886 2060 ad
915 2029 1027 2060 eum
1050 2012 1323 2077 scripsimus
1354 2010 1489 2057 omni
1510 2009 1599 2056 hu-

173 2094 371 2141 militate
409 2103 457 2141 et
484 2094 745 2140 reverentia
772 2092 960 2157 plenas,
988 2090 1163 2155 quibus
1184 2089 1459 2155 suppliciter
1486 2104 1601 2134 exo-

174 2170 399 2220 rabamus
414 2171 707 2234 majestatem
729 2185 866 2216 suam
884 2178 1119 2233 quatenus
1143 2184 1233 2214 nos
1249 2167 1312 2214 ad
1329 2176 1478 2213 terras
1498 2164 1603 2212 illas

175 2250 431 2299 Cataloniae
454 2250 623 2297 reverti
654 2249 851 2295 minime
879 2257 1094 2311 urgeret,
1122 2246 1206 2294 sed
1233 2246 1426 2293 licentia
1457 2261 1486 2292 a
1508 2245 1603 2291 cle-

176 2329 355 2376 mentia
384 2344 469 2375 sua
511 2326 653 2374 nobis
682 2326 893 2384 indulta,
922 2326 981 2372 de
1012 2341 1108 2389 qua
1137 2325 1248 2372 satis
1276 2339 1418 2388 supra
1439 2322 1604 2369 memi-

178 2406 352 2464 nimus,
378 2406 522 2471 potiri
543 2415 589 2452 et
612 2404 818 2468 gaudere
841 2403 1158 2469 permitteret;
1182 2402 1282 2461 vel,
1315 2402 1353 2448 si
1374 2401 1603 2466 placitum

180 2500 281 2531 non
307 2493 428 2530 esset
448 2483 604 2531 eidem
627 2499 722 2530 suae
747 2482 978 2546 majestati
1001 2491 1054 2528 ut
1079 2480 1203 2528 infra
1226 2480 1358 2543 regni
1384 2479 1456 2526 sui
1483 2478 1605 2524 limi-

181 2570 251 2607 tes
272 2575 587 2618 moraremur,
613 2560 824 2607 contenti
858 2575 1046 2607 eramus
1072 2557 1212 2616 alibi,
1249 2573 1332 2604 seu
1360 2556 1410 2602 in
1444 2554 1575 2601 Italia
1591 2589 1603 2609 ‚

183 2654 270 2684 seu
287 2637 336 2684 in
360 2637 640 2695 Germania,
673 2636 906 2700 quamdiu
932 2653 1022 2684 nos
1046 2635 1200 2701 patria
1222 2634 1386 2682 abesse
1414 2633 1457 2679 ei
1480 2631 1610 2678 colli-

183 2715 388 2774 buisset,
416 2714 689 2762 delitescere
712 2725 759 2761 et
777 2714 996 2761 exsulari.

252 2790 646 2857 Proponebamus
685 2791 827 2839 etiam
872 2790 1186 2838 excusationis
1223 2804 1387 2836 causas
1403 2822 1416 2843 ‚
1461 2801 1608 2850 quare
