2060 3392
459 317 534 353 132
820 317 1164 355 HISTORIARUM
1192 315 1428 356 Ltmovlcl
1455 319 1511 356 XI

455 405 596 470 igitur
628 415 675 452 et
711 403 973 469 squalentia
1012 420 1125 452 arva
1155 404 1396 469 ligonibus
1439 407 1646 455 exerceri
1679 417 1726 456 et
1761 407 1874 456 laetis

456 482 668 547 frugibus
711 482 897 547 vestiri,
937 483 1225 530 commercia
1263 499 1453 548 quoque
1495 493 1620 533 terra
1660 485 1874 550 marique

453 562 576 608 inter
612 569 838 624 utrosque
876 559 1083 624 populos
1117 560 1401 624 frequentari
1438 561 1598 609 videre
1634 572 1735 610 erat
1749 599 1762 624 ,
1797 572 1870 625 et,

453 637 612 686 oblitis
631 647 772 701 atque
790 636 1016 684 obsoletis
1031 637 1242 686 infaustae
1262 638 1510 686 discordiae
1532 639 1733 704 injuriis,
1752 633 1876 688 inter

451 732 550 763 sese
588 724 874 763 mercatores
902 725 949 762 et
979 715 1097 764 alios
1133 717 1314 765 incolas
1328 721 1340 743 ¹
1362 717 1612 766 ambarum
1644 718 1874 767 obedien-

449 794 623 841 tiarum
645 792 745 840 dies
769 793 911 841 festos
932 802 1074 858 atque
1093 794 1224 842 laetos
1245 810 1383 858 agere
1400 812 1512 843 cum
1530 811 1704 860 magna
1726 796 1874 844 animi

449 870 707 918 alacritate.
1377 915 1381 919 ,

514 946 764 1013 Implendo
785 963 897 994 vero
921 947 1154 1012 promissa
1173 965 1323 1009 nova,
1343 965 1518 1014 sponsa
1531 985 1543 1009 ,
1570 967 1674 1015 quae
1696 950 1873 999 foedere

447 1026 685 1090 conjugali
709 1025 906 1084 delfino,
937 1026 1059 1090 regis
1079 1025 1195 1087 filio,
1231 1027 1503 1093 copulanda
1531 1027 1704 1088 fuerat,
1727 1039 1874 1076 trans—

445 1115 550 1152 acta
584 1105 765 1164 hieme,
805 1121 966 1152 mense
1009 1106 1137 1152 maio
1149 1109 1179 1166 ²,
1221 1107 1458 1172 deputatis
1492 1123 1521 1154 a
1546 1124 1655 1171 rege
1688 1109 1867 1173 legatis,

445 1183 623 1231 sociata
656 1199 828 1248 magna
861 1199 1116 1248 procerum
1149 1183 1457 1232 dominarum
1476 1194 1688 1245 caterva,
1714 1186 1765 1232 in
1787 1202 1873 1251 op·

446 1260 562 1326 pido
586 1259 826 1308 Hesdinclz
865 1259 1064 1309 liberata
1105 1271 1174 1308 est
1213 1271 1260 1308 et
1293 1261 1491 1318 tradita3
1537 1262 1620 1326 qui
1661 1278 1768 1310 eam
1809 1263 1871 1311 ad

446 1354 604 1401 regem
628 1354 865 1402 suumque
888 1354 1118 1403 sponsum
1145 1337 1370 1386 eumdem
1391 1337 1624 1385 delfinum
1642 1339 1873 1404 perduxe-

445 1424 574 1461 runt.
615 1418 724 1463 Erat
763 1415 894 1462 enim
925 1415 1100 1462 tenella
1127 1416 1257 1463 velut
1292 1416 1594 1479 virguncula,
1631 1432 1872 1465 annorum

445 1492 664 1540 videlicet
700 1492 887 1540 circiter
916 1492 1083 1551 trium,
1121 1509 1226 1556 quae
1253 1492 1424 1540 hiemis
1455 1493 1756 1558 asperitatem
1788 1495 1872 1542 mi-

446 1570 575 1616 nime
603 1569 811 1635 perferre
838 1570 1094 1634 potuisset3
1121 1580 1168 1616 et
1189 1580 1443 1635 propterea
1470 1571 1662 1618 vernale
1683 1580 1872 1636 tempus

445 1657 493 1693 et
509 1647 610 1710 jam
629 1663 781 1713 prope
802 1647 1015 1694 aestivum
1031 1647 1402 1711 exspectandum
1429 1647 1539 1708 fuit,
1566 1664 1626 1695 ne
1645 1648 1696 1694 in
1713 1649 1872 1696 tradu-

446 1724 602 1771 cendo
620 1741 727 1772 eam
744 1760 756 1784 ,
772 1723 834 1772 ab
857 1725 1162 1772 inclementia
1179 1725 1409 1790 temporis
1425 1725 1686 1773 laederetur.

474 1812 477 1818 '
512 1802 934 1859 Quemadmodum
956 1819 1071 1850 vero
1094 1802 1355 1850 Galliarum
1366 1803 1589 1868 populos,
1610 1819 1699 1868 pro
1711 1803 1872 1868 hujus-

447 1879 637 1927 cemodi
656 1880 776 1927 inito
797 1879 972 1927 foedere
993 1879 1161 1944 pacis,
1182 1879 1248 1926 uti
1273 1879 1495 1939 diximus,
1529 1880 1697 1944 ingens
1719 1882 1872 1930 exsul-

446 1957 563 2005 tatio
599 1967 646 2005 et
685 1958 843 2005 laetitia
882 1957 1066 2017 affecit,
1112 1958 1178 2005 ita
1219 1958 1391 2021 Angliae
1434 1968 1624 2022 gentem
1669 1959 1872 2024 proinde

448 2034 648 2082 fremere
667 2051 724 2082 ac
746 2034 989 2083 tabescere
1008 2034 1262 2083 ferebatur.
1309 2037 1432 2090 Cum
1460 2036 1590 2082 enim
1604 2036 1778 2100 jugiter
1807 2037 1871 2085 ad

447 2113 774 2161 invadendum
826 2124 873 2161 et
894 2149 906 2173 ,
955 2114 993 2160 si
1038 2124 1255 2179 possent,
1306 2113 1623 2177 subigendum
1670 2130 1871 2179 regnum

448 2195 741 2238 Francorum
775 2191 983 2250 inhient,
1017 2191 1080 2238 ad
1114 2191 1247 2255 quod
1271 2201 1324 2237 ut
1345 2191 1647 2256 perveniant,
1674 2192 1764 2238 nisi
1786 2208 1872 2257 per

449 2267 664 2315 medium
686 2269 1015 2316 intestinarum
1047 2267 1336 2315 seditionum
1358 2278 1405 2315 et
1425 2267 1773 2316 discordiarum
1803 2269 1871 2316 in-

449 2356 521 2392 ter
543 2347 782 2412 principes
816 2346 971 2409 regni,
995 2362 1129 2410 paene
1154 2343 1447 2410 impossibile
1477 2345 1686 2405 exsistat,
1714 2346 1872 2393 nullus

450 2423 611 2470 mirari
645 2422 788 2471 debet
815 2423 853 2470 si
879 2423 1152 2489 principum
1180 2437 1349 2486 pacem
1385 2432 1527 2487 atque
1560 2423 1871 2471 concordiam

449 2516 569 2563 aegre
600 2500 792 2548 videant
815 2510 862 2548 et
884 2499 1202 2564 conspiciant,
1226 2516 1330 2563 quae
1354 2499 1682 2548 nanciscendae
1709 2501 1871 2549 Galliae

450 2577 582 2642 regni
620 2577 927 2642 possessioni,
974 2576 1177 2623 multum
1214 2576 1276 2624 ab
1315 2577 1382 2624 eis
1419 2578 1701 2643 concupitae,
1732 2579 1869 2628 valde

504 2749 542 2787 1.
574 2749 646 2785 Ms.
675 2749 894 2786 incolarum.

502 2815 538 2852 2.
572 2813 690 2851 1483.
