<?xml version="1.0" encoding="UTF-8"?>
<!DOCTYPE html PUBLIC "-//W3C//DTD XHTML 1.0 Transitional//EN"
    "http://www.w3.org/TR/xhtml1/DTD/xhtml1-transitional.dtd">
<html xmlns="http://www.w3.org/1999/xhtml" xml:lang="en" lang="en">
 <head>
  <title>
</title>
<meta http-equiv="Content-Type" content="text/html;charset=utf-8" />
  <meta name='ocr-system' content='tesseract 3.04.00' />
  <meta name='ocr-capabilities' content='ocr_page ocr_carea ocr_par ocr_line ocrx_word'/>
</head>
<body>
  <div class='ocr_page' id='page_1' title='image "./histoiredesrgn03basiuoft_0414.png"; bbox 0 0 2060 3392; ppageno 0'>
   <div class='ocr_carea' id='block_1_1' title="bbox 456 311 1294 361">
    <p class='ocr_par' dir='ltr' id='par_1_1' title="bbox 456 311 1294 361">
     <span class='ocr_line' id='line_1_1' title="bbox 456 311 1294 361; baseline 0.005 -13"><span class='ocrx_word' id='word_1_1' title='bbox 456 311 532 350; x_wconf 70' lang='lat'><strong>364</strong></span> <span class='ocrx_word' id='word_1_2' title='bbox 1018 314 1264 352; x_wconf 80' lang='lat' dir='ltr'><strong>APOLOGIA</strong></span> <span class='ocrx_word' id='word_1_3' title='bbox 1284 344 1294 361; x_wconf 87' lang='lat'><strong>,</strong></span> 
     </span>
    </p>
   </div>
   <div class='ocr_carea' id='block_1_2' title="bbox 449 401 1915 2876">
    <p class='ocr_par' dir='ltr' id='par_1_2' title="bbox 453 401 1870 546">
     <span class='ocr_line' id='line_1_2' title="bbox 453 401 1870 472; baseline 0.006 -24"><span class='ocrx_word' id='word_1_4' title='bbox 453 417 618 449; x_wconf 88' lang='lat' dir='ltr'><strong>carum</strong></span> <span class='ocrx_word' id='word_1_5' title='bbox 640 401 951 449; x_wconf 86' lang='lat' dir='ltr'><strong>collationum</strong></span> <span class='ocrx_word' id='word_1_6' title='bbox 974 418 1122 450; x_wconf 92' lang='lat' dir='ltr'><strong>onera</strong></span> <span class='ocrx_word' id='word_1_7' title='bbox 1149 403 1272 452; x_wconf 90' lang='lat' dir='ltr'><strong>ultra</strong></span> <span class='ocrx_word' id='word_1_8' title='bbox 1300 403 1502 470; x_wconf 90' lang='lat' dir='ltr'><strong>duplum</strong></span> <span class='ocrx_word' id='word_1_9' title='bbox 1529 405 1654 454; x_wconf 92' lang='lat' dir='ltr'><strong>illius</strong></span> <span class='ocrx_word' id='word_1_10' title='bbox 1682 407 1870 472; x_wconf 89' lang='lat' dir='ltr'><strong>quanti·</strong></span> 
     </span>
     <span class='ocr_line' id='line_1_3' title="bbox 453 478 1740 546; baseline 0.004 -20"><span class='ocrx_word' id='word_1_11' title='bbox 453 479 560 526; x_wconf 85' lang='lat' dir='ltr'><strong>tatis</strong></span> <span class='ocrx_word' id='word_1_12' title='bbox 573 515 586 541; x_wconf 91' lang='lat'><strong>,</strong></span> <span class='ocrx_word' id='word_1_13' title='bbox 612 496 758 544; x_wconf 89' lang='lat' dir='ltr'><strong>quam</strong></span> <span class='ocrx_word' id='word_1_14' title='bbox 781 478 842 527; x_wconf 86' lang='lat' dir='ltr'><strong>ab</strong></span> <span class='ocrx_word' id='word_1_15' title='bbox 861 480 929 527; x_wconf 92' lang='lat' dir='ltr'><strong>eis</strong></span> <span class='ocrx_word' id='word_1_16' title='bbox 946 479 1197 545; x_wconf 83' lang='lat' dir='ltr'><strong>exigebant</strong></span> <span class='ocrx_word' id='word_1_17' title='bbox 1218 481 1422 546; x_wconf 85' lang='lat' dir='ltr'><strong>Anglici,</strong></span> <span class='ocrx_word' id='word_1_18' title='bbox 1444 482 1740 531; x_wconf 85' lang='lat' dir='ltr'><strong>adauxerint.</strong></span> 
     </span>
    </p>

    <p class='ocr_par' dir='ltr' id='par_1_3' title="bbox 450 558 1915 1478">
     <span class='ocr_line' id='line_1_4' title="bbox 517 558 1870 627; baseline 0.005 -23"><span class='ocrx_word' id='word_1_19' title='bbox 517 560 633 615; x_wconf 86' lang='lat' dir='ltr'><strong>Quae</strong></span> <span class='ocrx_word' id='word_1_20' title='bbox 666 558 941 623; x_wconf 86' lang='lat' dir='ltr'><strong>gravamina</strong></span> <span class='ocrx_word' id='word_1_21' title='bbox 976 568 1118 624; x_wconf 86' lang='lat' dir='ltr'><strong>atque</strong></span> <span class='ocrx_word' id='word_1_22' title='bbox 1145 575 1292 608; x_wconf 90' lang='lat' dir='ltr'><strong>onera</strong></span> <span class='ocrx_word' id='word_1_23' title='bbox 1307 598 1320 623; x_wconf 92' lang='lat'><strong>,</strong></span> <span class='ocrx_word' id='word_1_24' title='bbox 1355 561 1464 608; x_wconf 90' lang='lat' dir='ltr'><strong>licet</strong></span> <span class='ocrx_word' id='word_1_25' title='bbox 1488 578 1587 609; x_wconf 91' lang='lat' dir='ltr'><strong>non</strong></span> <span class='ocrx_word' id='word_1_26' title='bbox 1618 577 1765 627; x_wconf 86' lang='lat' dir='ltr'><strong>parva</strong></span> <span class='ocrx_word' id='word_1_27' title='bbox 1799 563 1870 611; x_wconf 88' lang='lat' dir='ltr'><strong>fo-</strong></span> 
     </span>
     <span class='ocr_line' id='line_1_5' title="bbox 453 635 1915 705; baseline 0.005 -25"><span class='ocrx_word' id='word_1_28' title='bbox 453 644 559 681; x_wconf 89' lang='lat' dir='ltr'><strong>rent</strong></span> <span class='ocrx_word' id='word_1_29' title='bbox 579 652 734 700; x_wconf 92' lang='lat' dir='ltr'><strong>neque</strong></span> <span class='ocrx_word' id='word_1_30' title='bbox 757 635 819 684; x_wconf 87' lang='lat' dir='ltr'><strong>ad</strong></span> <span class='ocrx_word' id='word_1_31' title='bbox 841 635 1091 683; x_wconf 86' lang='lat' dir='ltr'><strong>serendum</strong></span> <span class='ocrx_word' id='word_1_32' title='bbox 1116 636 1270 685; x_wconf 88' lang='lat' dir='ltr'><strong>facilia</strong></span> <span class='ocrx_word' id='word_1_33' title='bbox 1290 637 1364 685; x_wconf 89' lang='lat' dir='ltr'><strong>his</strong></span> <span class='ocrx_word' id='word_1_34' title='bbox 1385 639 1468 702; x_wconf 93' lang='lat' dir='ltr'><strong>qui</strong></span> <span class='ocrx_word' id='word_1_35' title='bbox 1499 640 1703 705; x_wconf 85' lang='lat' dir='ltr'><strong>priscam</strong></span> <span class='ocrx_word' id='word_1_36' title='bbox 1733 639 1872 688; x_wconf 90' lang='lat' dir='ltr'><strong>liber·</strong></span> <span class='ocrx_word' id='word_1_37' title='bbox 1904 644 1915 657; x_wconf 82' lang='lat'><strong><em>&#39;</em></strong></span> 
     </span>
     <span class='ocr_line' id='line_1_6' title="bbox 452 713 1867 784; baseline 0.006 -25"><span class='ocrx_word' id='word_1_38' title='bbox 452 722 597 760; x_wconf 85' lang='lat' dir='ltr'><strong>tatem</strong></span> <span class='ocrx_word' id='word_1_39' title='bbox 626 729 701 776; x_wconf 93' lang='lat' dir='ltr'><strong>se,</strong></span> <span class='ocrx_word' id='word_1_40' title='bbox 734 713 893 778; x_wconf 91' lang='lat' dir='ltr'><strong>ejectis</strong></span> <span class='ocrx_word' id='word_1_41' title='bbox 918 715 1149 780; x_wconf 84' lang='lat' dir='ltr'><strong>Anglicis,</strong></span> <span class='ocrx_word' id='word_1_42' title='bbox 1186 727 1526 765; x_wconf 86' lang='lat' dir='ltr'><strong>consecuturos</strong></span> <span class='ocrx_word' id='word_1_43' title='bbox 1548 729 1867 784; x_wconf 88' lang='lat' dir='ltr'><strong>speraverant,</strong></span> 
     </span>
     <span class='ocr_line' id='line_1_7' title="bbox 452 790 1872 860; baseline 0.005 -22"><span class='ocrx_word' id='word_1_44' title='bbox 452 790 719 856; x_wconf 86' lang='lat' dir='ltr'><strong>quibusque</strong></span> <span class='ocrx_word' id='word_1_45' title='bbox 754 793 819 840; x_wconf 91' lang='lat' dir='ltr'><strong>ita</strong></span> <span class='ocrx_word' id='word_1_46' title='bbox 855 792 1036 842; x_wconf 89' lang='lat' dir='ltr'><strong>dictum</strong></span> <span class='ocrx_word' id='word_1_47' title='bbox 1075 795 1460 860; x_wconf 91' lang='lat' dir='ltr'><strong>promissumque</strong></span> <span class='ocrx_word' id='word_1_48' title='bbox 1512 795 1688 859; x_wconf 72' lang='lat' dir='ltr'><strong>filerat,</strong></span> <span class='ocrx_word' id='word_1_49' title='bbox 1739 797 1872 846; x_wconf 88' lang='lat' dir='ltr'><strong>mitia</strong></span> 
     </span>
     <span class='ocr_line' id='line_1_8' title="bbox 451 870 1872 936; baseline 0.004 -18"><span class='ocrx_word' id='word_1_50' title='bbox 451 880 612 918; x_wconf 90' lang='lat' dir='ltr'><strong>tamen</strong></span> <span class='ocrx_word' id='word_1_51' title='bbox 635 870 765 918; x_wconf 89' lang='lat' dir='ltr'><strong>fuere</strong></span> <span class='ocrx_word' id='word_1_52' title='bbox 782 871 992 936; x_wconf 90' lang='lat' dir='ltr'><strong>primum</strong></span> <span class='ocrx_word' id='word_1_53' title='bbox 1015 882 1060 919; x_wconf 94' lang='lat' dir='ltr'><strong>et</strong></span> <span class='ocrx_word' id='word_1_54' title='bbox 1083 872 1444 936; x_wconf 89' lang='lat' dir='ltr'><strong>quodammodo</strong></span> <span class='ocrx_word' id='word_1_55' title='bbox 1463 874 1525 922; x_wconf 91' lang='lat' dir='ltr'><strong>ad</strong></span> <span class='ocrx_word' id='word_1_56' title='bbox 1542 875 1872 924; x_wconf 90' lang='lat' dir='ltr'><strong>sustinendum</strong></span> 
     </span>
     <span class='ocr_line' id='line_1_9' title="bbox 451 946 1874 1018; baseline 0.005 -25"><span class='ocrx_word' id='word_1_57' title='bbox 451 946 572 994; x_wconf 86' lang='lat' dir='ltr'><strong>levia</strong></span> <span class='ocrx_word' id='word_1_58' title='bbox 605 964 774 995; x_wconf 89' lang='lat' dir='ltr'><strong>eorum</strong></span> <span class='ocrx_word' id='word_1_59' title='bbox 802 950 1189 1014; x_wconf 86' lang='lat' dir='ltr'><strong>comparatione,</strong></span> <span class='ocrx_word' id='word_1_60' title='bbox 1216 966 1321 1015; x_wconf 87' lang='lat' dir='ltr'><strong>quae</strong></span> <span class='ocrx_word' id='word_1_61' title='bbox 1350 951 1494 998; x_wconf 88' lang='lat' dir='ltr'><strong>etiam</strong></span> <span class='ocrx_word' id='word_1_62' title='bbox 1535 968 1679 1018; x_wconf 84' lang='lat' dir='ltr'><strong>supra</strong></span> <span class='ocrx_word' id='word_1_63' title='bbox 1711 952 1874 1018; x_wconf 89' lang='lat' dir='ltr'><strong>hujus-</strong></span> 
     </span>
     <span class='ocr_line' id='line_1_10' title="bbox 451 1024 1872 1095; baseline 0.005 -24"><span class='ocrx_word' id='word_1_64' title='bbox 451 1024 585 1072; x_wconf 90' lang='lat' dir='ltr'><strong>modi</strong></span> <span class='ocrx_word' id='word_1_65' title='bbox 618 1025 743 1073; x_wconf 91' lang='lat' dir='ltr'><strong>mala</strong></span> <span class='ocrx_word' id='word_1_66' title='bbox 774 1026 1034 1074; x_wconf 91' lang='lat' dir='ltr'><strong>modernus</strong></span> <span class='ocrx_word' id='word_1_67' title='bbox 1070 1044 1152 1074; x_wconf 89' lang='lat' dir='ltr'><strong>rex</strong></span> <span class='ocrx_word' id='word_1_68' title='bbox 1183 1027 1453 1076; x_wconf 93' lang='lat' dir='ltr'><strong>Ludovicus</strong></span> <span class='ocrx_word' id='word_1_69' title='bbox 1485 1030 1535 1076; x_wconf 94' lang='lat' dir='ltr'><strong>in</strong></span> <span class='ocrx_word' id='word_1_70' title='bbox 1568 1046 1770 1095; x_wconf 86' lang='lat' dir='ltr'><strong>regnum</strong></span> <span class='ocrx_word' id='word_1_71' title='bbox 1797 1031 1872 1078; x_wconf 90' lang='lat' dir='ltr'><strong>in·</strong></span> 
     </span>
     <span class='ocr_line' id='line_1_11' title="bbox 452 1103 1874 1172; baseline 0.005 -22"><span class='ocrx_word' id='word_1_72' title='bbox 452 1103 591 1150; x_wconf 87' lang='lat' dir='ltr'><strong>vexit.</strong></span> <span class='ocrx_word' id='word_1_73' title='bbox 624 1106 743 1152; x_wconf 88' lang='lat' dir='ltr'><strong>Nam</strong></span> <span class='ocrx_word' id='word_1_74' title='bbox 779 1114 825 1151; x_wconf 91' lang='lat' dir='ltr'><strong>et</strong></span> <span class='ocrx_word' id='word_1_75' title='bbox 855 1105 1100 1169; x_wconf 85' lang='lat' dir='ltr'><strong>vectigalia</strong></span> <span class='ocrx_word' id='word_1_76' title='bbox 1116 1141 1128 1165; x_wconf 91' lang='lat'><strong>,</strong></span> <span class='ocrx_word' id='word_1_77' title='bbox 1162 1121 1306 1171; x_wconf 86' lang='lat' dir='ltr'><strong>supra</strong></span> <span class='ocrx_word' id='word_1_78' title='bbox 1327 1122 1474 1169; x_wconf 90' lang='lat' dir='ltr'><strong>quam</strong></span> <span class='ocrx_word' id='word_1_79' title='bbox 1505 1124 1617 1155; x_wconf 93' lang='lat' dir='ltr'><strong>suus</strong></span> <span class='ocrx_word' id='word_1_80' title='bbox 1647 1109 1874 1172; x_wconf 82' lang='lat' dir='ltr'><strong>exegisset</strong></span> 
     </span>
     <span class='ocr_line' id='line_1_12' title="bbox 451 1181 1869 1249; baseline 0.004 -21"><span class='ocrx_word' id='word_1_81' title='bbox 451 1181 653 1244; x_wconf 87' lang='lat' dir='ltr'><strong>genitor,</strong></span> <span class='ocrx_word' id='word_1_82' title='bbox 679 1192 727 1229; x_wconf 90' lang='lat' dir='ltr'><strong>et</strong></span> <span class='ocrx_word' id='word_1_83' title='bbox 754 1182 975 1230; x_wconf 87' lang='lat' dir='ltr'><strong>collectas</strong></span> <span class='ocrx_word' id='word_1_84' title='bbox 1009 1199 1093 1230; x_wconf 91' lang='lat' dir='ltr'><strong>seu</strong></span> <span class='ocrx_word' id='word_1_85' title='bbox 1115 1183 1265 1231; x_wconf 83' lang='lat' dir='ltr'><strong>tallias</strong></span> <span class='ocrx_word' id='word_1_86' title='bbox 1285 1200 1436 1249; x_wconf 88' lang='lat' dir='ltr'><strong>prope</strong></span> <span class='ocrx_word' id='word_1_87' title='bbox 1458 1184 1520 1232; x_wconf 93' lang='lat' dir='ltr'><strong>ad</strong></span> <span class='ocrx_word' id='word_1_88' title='bbox 1543 1185 1869 1248; x_wconf 88' lang='lat' dir='ltr'><strong>medietatem,</strong></span> 
     </span>
     <span class='ocr_line' id='line_1_13' title="bbox 451 1250 1874 1328; baseline 0.004 -23"><span class='ocrx_word' id='word_1_89' title='bbox 451 1259 549 1306; x_wconf 91' lang='lat' dir='ltr'><strong>imo</strong></span> <span class='ocrx_word' id='word_1_90' title='bbox 583 1268 632 1306; x_wconf 91' lang='lat' dir='ltr'><strong>et</strong></span> <span class='ocrx_word' id='word_1_91' title='bbox 661 1259 723 1307; x_wconf 90' lang='lat' dir='ltr'><strong>ad</strong></span> <span class='ocrx_word' id='word_1_92' title='bbox 759 1259 962 1326; x_wconf 90' lang='lat' dir='ltr'><strong>duplum</strong></span> <span class='ocrx_word' id='word_1_93' title='bbox 993 1270 1040 1307; x_wconf 91' lang='lat' dir='ltr'><strong>et</strong></span> <span class='ocrx_word' id='word_1_94' title='bbox 1070 1261 1266 1326; x_wconf 89' lang='lat' dir='ltr'><strong>triplum</strong></span> <span class='ocrx_word' id='word_1_95' title='bbox 1298 1278 1448 1326; x_wconf 90' lang='lat' dir='ltr'><strong>usque</strong></span> <span class='ocrx_word' id='word_1_96' title='bbox 1480 1272 1527 1309; x_wconf 85' lang='lat' dir='ltr'><strong>et</strong></span> <span class='ocrx_word' id='word_1_97' title='bbox 1563 1250 1766 1328; x_wconf 89' lang='lat' dir='ltr'><strong>amplius</strong></span> <span class='ocrx_word' id='word_1_98' title='bbox 1792 1280 1874 1311; x_wconf 90' lang='lat' dir='ltr'><strong>cu·</strong></span> 
     </span>
     <span class='ocr_line' id='line_1_14' title="bbox 452 1336 1874 1404; baseline 0.004 -21"><span class='ocrx_word' id='word_1_99' title='bbox 452 1336 664 1399; x_wconf 89' lang='lat' dir='ltr'><strong>mulavit,</strong></span> <span class='ocrx_word' id='word_1_100' title='bbox 688 1348 735 1385; x_wconf 90' lang='lat' dir='ltr'><strong>et</strong></span> <span class='ocrx_word' id='word_1_101' title='bbox 752 1338 885 1385; x_wconf 92' lang='lat' dir='ltr'><strong>omni</strong></span> <span class='ocrx_word' id='word_1_102' title='bbox 897 1338 1134 1386; x_wconf 88' lang='lat' dir='ltr'><strong>servitutis</strong></span> <span class='ocrx_word' id='word_1_103' title='bbox 1150 1339 1305 1404; x_wconf 91' lang='lat' dir='ltr'><strong>specie</strong></span> <span class='ocrx_word' id='word_1_104' title='bbox 1327 1339 1461 1403; x_wconf 83' lang='lat' dir='ltr'><strong>regni</strong></span> <span class='ocrx_word' id='word_1_105' title='bbox 1479 1340 1676 1388; x_wconf 89' lang='lat' dir='ltr'><strong>miseros</strong></span> <span class='ocrx_word' id='word_1_106' title='bbox 1688 1341 1874 1389; x_wconf 86' lang='lat' dir='ltr'><strong>accolas</strong></span> 
     </span>
     <span class='ocr_line' id='line_1_15' title="bbox 450 1417 735 1478; baseline 0 -16"><span class='ocrx_word' id='word_1_107' title='bbox 450 1417 735 1478; x_wconf 86' lang='lat' dir='ltr'><strong>aggravavit.</strong></span> 
     </span>
    </p>

    <p class='ocr_par' dir='ltr' id='par_1_4' title="bbox 449 1492 1876 2319">
     <span class='ocr_line' id='line_1_16' title="bbox 516 1492 1873 1562; baseline 0.003 -23"><span class='ocrx_word' id='word_1_108' title='bbox 516 1492 701 1550; x_wconf 91' lang='lat' dir='ltr'><strong>Quibus</strong></span> <span class='ocrx_word' id='word_1_109' title='bbox 711 1493 909 1556; x_wconf 89' lang='lat' dir='ltr'><strong>aliisque</strong></span> <span class='ocrx_word' id='word_1_110' title='bbox 925 1494 1188 1541; x_wconf 88' lang='lat' dir='ltr'><strong>innumeris</strong></span> <span class='ocrx_word' id='word_1_111' title='bbox 1201 1494 1354 1554; x_wconf 89' lang='lat' dir='ltr'><strong>malis,</strong></span> <span class='ocrx_word' id='word_1_112' title='bbox 1371 1511 1501 1557; x_wconf 91' lang='lat' dir='ltr'><strong>cum,</strong></span> <span class='ocrx_word' id='word_1_113' title='bbox 1517 1505 1571 1542; x_wconf 93' lang='lat' dir='ltr'><strong>ut</strong></span> <span class='ocrx_word' id='word_1_114' title='bbox 1592 1511 1736 1562; x_wconf 90' lang='lat' dir='ltr'><strong>supra</strong></span> <span class='ocrx_word' id='word_1_115' title='bbox 1754 1505 1873 1543; x_wconf 91' lang='lat' dir='ltr'><strong>retu-</strong></span> 
     </span>
     <span class='ocr_line' id='line_1_17' title="bbox 449 1569 1874 1637; baseline 0.003 -21"><span class='ocrx_word' id='word_1_116' title='bbox 449 1569 612 1631; x_wconf 85' lang='lat' dir='ltr'><strong>limus,</strong></span> <span class='ocrx_word' id='word_1_117' title='bbox 642 1586 862 1635; x_wconf 88' lang='lat' dir='ltr'><strong>proceres</strong></span> <span class='ocrx_word' id='word_1_118' title='bbox 890 1571 1040 1635; x_wconf 86' lang='lat' dir='ltr'><strong>regni,</strong></span> <span class='ocrx_word' id='word_1_119' title='bbox 1081 1587 1192 1618; x_wconf 91' lang='lat' dir='ltr'><strong>cum</strong></span> <span class='ocrx_word' id='word_1_120' title='bbox 1222 1572 1367 1618; x_wconf 90' lang='lat' dir='ltr'><strong>unico</strong></span> <span class='ocrx_word' id='word_1_121' title='bbox 1389 1571 1602 1635; x_wconf 90' lang='lat' dir='ltr'><strong>ejusdem</strong></span> <span class='ocrx_word' id='word_1_122' title='bbox 1629 1573 1750 1637; x_wconf 88' lang='lat' dir='ltr'><strong>regis</strong></span> <span class='ocrx_word' id='word_1_123' title='bbox 1773 1589 1874 1637; x_wconf 87' lang='lat' dir='ltr'><strong>ger-</strong></span> 
     </span>
     <span class='ocr_line' id='line_1_18' title="bbox 450 1647 1875 1715; baseline 0.003 -21"><span class='ocrx_word' id='word_1_124' title='bbox 450 1663 595 1694; x_wconf 89' lang='lat' dir='ltr'><strong>mano</strong></span> <span class='ocrx_word' id='word_1_125' title='bbox 611 1647 814 1709; x_wconf 90' lang='lat' dir='ltr'><strong>collecti,</strong></span> <span class='ocrx_word' id='word_1_126' title='bbox 839 1647 1021 1695; x_wconf 88' lang='lat' dir='ltr'><strong>mederi</strong></span> <span class='ocrx_word' id='word_1_127' title='bbox 1036 1664 1101 1695; x_wconf 89' lang='lat' dir='ltr'><strong>—se</strong></span> <span class='ocrx_word' id='word_1_128' title='bbox 1117 1648 1238 1695; x_wconf 92' lang='lat' dir='ltr'><strong>velle</strong></span> <span class='ocrx_word' id='word_1_129' title='bbox 1266 1649 1598 1714; x_wconf 87' lang='lat' dir='ltr'><strong>promitterent</strong></span> <span class='ocrx_word' id='word_1_130' title='bbox 1620 1659 1667 1697; x_wconf 90' lang='lat' dir='ltr'><strong>et</strong></span> <span class='ocrx_word' id='word_1_131' title='bbox 1686 1666 1875 1715; x_wconf 87' lang='lat' dir='ltr'><strong>compe-</strong></span> 
     </span>
     <span class='ocr_line' id='line_1_19' title="bbox 450 1724 1869 1792; baseline 0.002 -21"><span class='ocrx_word' id='word_1_132' title='bbox 450 1724 658 1772; x_wconf 89' lang='lat' dir='ltr'><strong>tentibus</strong></span> <span class='ocrx_word' id='word_1_133' title='bbox 669 1725 906 1787; x_wconf 91' lang='lat' dir='ltr'><strong>remediis,</strong></span> <span class='ocrx_word' id='word_1_134' title='bbox 922 1742 983 1772; x_wconf 91' lang='lat' dir='ltr'><strong>ne</strong></span> <span class='ocrx_word' id='word_1_135' title='bbox 1005 1725 1208 1791; x_wconf 87' lang='lat' dir='ltr'><strong>amplius</strong></span> <span class='ocrx_word' id='word_1_136' title='bbox 1224 1726 1582 1789; x_wconf 89' lang='lat' dir='ltr'><strong>invalescerent,</strong></span> <span class='ocrx_word' id='word_1_137' title='bbox 1599 1727 1869 1792; x_wconf 87' lang='lat' dir='ltr'><strong>providere,</strong></span> 
     </span>
     <span class='ocr_line' id='line_1_20' title="bbox 449 1802 1876 1853; baseline 0.001 -2"><span class='ocrx_word' id='word_1_138' title='bbox 449 1802 630 1852; x_wconf 90' lang='lat' dir='ltr'><strong>obortis</strong></span> <span class='ocrx_word' id='word_1_139' title='bbox 673 1805 832 1852; x_wconf 90' lang='lat' dir='ltr'><strong>statim</strong></span> <span class='ocrx_word' id='word_1_140' title='bbox 870 1805 994 1851; x_wconf 91' lang='lat' dir='ltr'><strong>inter</strong></span> <span class='ocrx_word' id='word_1_141' title='bbox 1028 1804 1222 1852; x_wconf 91' lang='lat' dir='ltr'><strong>eosdem</strong></span> <span class='ocrx_word' id='word_1_142' title='bbox 1255 1804 1572 1853; x_wconf 86' lang='lat' dir='ltr'><strong>simultatibus</strong></span> <span class='ocrx_word' id='word_1_143' title='bbox 1606 1815 1653 1853; x_wconf 91' lang='lat' dir='ltr'><strong>et</strong></span> <span class='ocrx_word' id='word_1_144' title='bbox 1691 1805 1876 1853; x_wconf 85' lang='lat' dir='ltr'><strong>&#39;dissen-</strong></span> 
     </span>
     <span class='ocr_line' id='line_1_21' title="bbox 449 1881 1874 1945; baseline 0.001 -16"><span class='ocrx_word' id='word_1_145' title='bbox 449 1881 678 1944; x_wconf 90' lang='lat' dir='ltr'><strong>sionibus,</strong></span> <span class='ocrx_word' id='word_1_146' title='bbox 708 1892 908 1930; x_wconf 89' lang='lat' dir='ltr'><strong>conatus</strong></span> <span class='ocrx_word' id='word_1_147' title='bbox 927 1898 1093 1930; x_wconf 89' lang='lat' dir='ltr'><strong>eorum</strong></span> <span class='ocrx_word' id='word_1_148' title='bbox 1118 1883 1167 1929; x_wconf 93' lang='lat' dir='ltr'><strong>in</strong></span> <span class='ocrx_word' id='word_1_149' title='bbox 1192 1883 1378 1930; x_wconf 88' lang='lat' dir='ltr'><strong>irritum</strong></span> <span class='ocrx_word' id='word_1_150' title='bbox 1397 1893 1663 1945; x_wconf 87' lang='lat' dir='ltr'><strong>cesserunt,</strong></span> <span class='ocrx_word' id='word_1_151' title='bbox 1700 1892 1746 1930; x_wconf 91' lang='lat' dir='ltr'><strong>et</strong></span> <span class='ocrx_word' id='word_1_152' title='bbox 1777 1899 1874 1931; x_wconf 85' lang='lat' dir='ltr'><strong>me-</strong></span> 
     </span>
     <span class='ocr_line' id='line_1_22' title="bbox 449 1959 1874 2027; baseline 0.001 -20"><span class='ocrx_word' id='word_1_153' title='bbox 449 1959 566 2007; x_wconf 91' lang='lat' dir='ltr'><strong>delis</strong></span> <span class='ocrx_word' id='word_1_154' title='bbox 585 1961 692 2022; x_wconf 92' lang='lat' dir='ltr'><strong>illis,</strong></span> <span class='ocrx_word' id='word_1_155' title='bbox 712 1960 885 2026; x_wconf 86' lang='lat' dir='ltr'><strong>quibus</strong></span> <span class='ocrx_word' id='word_1_156' title='bbox 900 1977 989 2026; x_wconf 84' lang='lat' dir='ltr'><strong>pro</strong></span> <span class='ocrx_word' id='word_1_157' title='bbox 1006 1960 1315 2009; x_wconf 85' lang='lat' dir='ltr'><strong>instauranda</strong></span> <span class='ocrx_word' id='word_1_158' title='bbox 1330 1978 1381 2008; x_wconf 91' lang='lat' dir='ltr'><strong>re</strong></span> <span class='ocrx_word' id='word_1_159' title='bbox 1396 1961 1588 2027; x_wconf 90' lang='lat' dir='ltr'><strong>publica</strong></span> <span class='ocrx_word' id='word_1_160' title='bbox 1607 1971 1654 2008; x_wconf 89' lang='lat' dir='ltr'><strong>et</strong></span> <span class='ocrx_word' id='word_1_161' title='bbox 1669 1977 1726 2008; x_wconf 89' lang='lat' dir='ltr'><strong>ea</strong></span> <span class='ocrx_word' id='word_1_162' title='bbox 1746 1961 1874 2009; x_wconf 88' lang='lat' dir='ltr'><strong>salva</strong></span> 
     </span>
     <span class='ocr_line' id='line_1_23' title="bbox 451 2037 1873 2105; baseline 0.001 -21"><span class='ocrx_word' id='word_1_163' title='bbox 451 2037 668 2087; x_wconf 83' lang='lat' dir='ltr'><strong>facienda</strong></span> <span class='ocrx_word' id='word_1_164' title='bbox 692 2039 911 2087; x_wconf 89' lang='lat' dir='ltr'><strong>laborare</strong></span> <span class='ocrx_word' id='word_1_165' title='bbox 933 2055 982 2086; x_wconf 92' lang='lat' dir='ltr'><strong>se</strong></span> <span class='ocrx_word' id='word_1_166' title='bbox 1005 2038 1222 2086; x_wconf 87' lang='lat' dir='ltr'><strong>dixerant</strong></span> <span class='ocrx_word' id='word_1_167' title='bbox 1235 2076 1248 2101; x_wconf 96' lang='lat'><strong>,</strong></span> <span class='ocrx_word' id='word_1_168' title='bbox 1271 2048 1319 2087; x_wconf 91' lang='lat' dir='ltr'><strong>et</strong></span> <span class='ocrx_word' id='word_1_169' title='bbox 1341 2039 1402 2087; x_wconf 91' lang='lat' dir='ltr'><strong>ad</strong></span> <span class='ocrx_word' id='word_1_170' title='bbox 1424 2039 1557 2103; x_wconf 93' lang='lat' dir='ltr'><strong>quod</strong></span> <span class='ocrx_word' id='word_1_171' title='bbox 1582 2038 1873 2105; x_wconf 88' lang='lat' dir='ltr'><strong>sperandum</strong></span> 
     </span>
     <span class='ocr_line' id='line_1_24' title="bbox 451 2116 1874 2182; baseline 0 -20"><span class='ocrx_word' id='word_1_172' title='bbox 451 2117 667 2163; x_wconf 87' lang='lat' dir='ltr'><strong>omniurn</strong></span> <span class='ocrx_word' id='word_1_173' title='bbox 711 2117 994 2164; x_wconf 88' lang='lat' dir='ltr'><strong>miserorum</strong></span> <span class='ocrx_word' id='word_1_174' title='bbox 1028 2126 1170 2180; x_wconf 91' lang='lat' dir='ltr'><strong>atque</strong></span> <span class='ocrx_word' id='word_1_175' title='bbox 1206 2116 1466 2164; x_wconf 77' lang='lat' dir='ltr'><strong>infelicium</strong></span> <span class='ocrx_word' id='word_1_176' title='bbox 1510 2116 1874 2182; x_wconf 84' lang='lat' dir='ltr'><strong>provincialium</strong></span> 
     </span>
     <span class='ocr_line' id='line_1_25' title="bbox 450 2191 1873 2260; baseline 0 -20"><span class='ocrx_word' id='word_1_177' title='bbox 450 2194 636 2242; x_wconf 90' lang='lat' dir='ltr'><strong>animos</strong></span> <span class='ocrx_word' id='word_1_178' title='bbox 657 2204 998 2258; x_wconf 90' lang='lat' dir='ltr'><strong>provexerant,</strong></span> <span class='ocrx_word' id='word_1_179' title='bbox 1033 2194 1157 2260; x_wconf 94' lang='lat' dir='ltr'><strong>proh</strong></span> <span class='ocrx_word' id='word_1_180' title='bbox 1180 2193 1320 2241; x_wconf 92' lang='lat' dir='ltr'><strong>dolor</strong></span> <span class='ocrx_word' id='word_1_181' title='bbox 1342 2192 1353 2240; x_wconf 83' lang='lat' dir='ltr'><strong>l</strong></span> <span class='ocrx_word' id='word_1_182' title='bbox 1382 2193 1586 2242; x_wconf 87' lang='lat' dir='ltr'><strong>frustrati</strong></span> <span class='ocrx_word' id='word_1_183' title='bbox 1612 2203 1658 2241; x_wconf 90' lang='lat' dir='ltr'><strong>et</strong></span> <span class='ocrx_word' id='word_1_184' title='bbox 1688 2191 1873 2241; x_wconf 90' lang='lat' dir='ltr'><strong>vacuati</strong></span> 
     </span>
     <span class='ocr_line' id='line_1_26' title="bbox 449 2282 575 2319; baseline -0.008 0"><span class='ocrx_word' id='word_1_185' title='bbox 449 2282 575 2319; x_wconf 85' lang='lat' dir='ltr'><strong>sunt.</strong></span> 
     </span>
    </p>

    <p class='ocr_par' dir='ltr' id='par_1_5' title="bbox 451 2348 1876 2876">
     <span class='ocr_line' id='line_1_27' title="bbox 517 2348 1868 2415; baseline 0.001 -19"><span class='ocrx_word' id='word_1_186' title='bbox 517 2351 611 2396; x_wconf 92' lang='lat' dir='ltr'><strong>Nos</strong></span> <span class='ocrx_word' id='word_1_187' title='bbox 652 2366 782 2412; x_wconf 90' lang='lat' dir='ltr'><strong>vero,</strong></span> <span class='ocrx_word' id='word_1_188' title='bbox 818 2350 901 2415; x_wconf 91' lang='lat' dir='ltr'><strong>qui</strong></span> <span class='ocrx_word' id='word_1_189' title='bbox 935 2367 1099 2398; x_wconf 89' lang='lat' dir='ltr'><strong>amore</strong></span> <span class='ocrx_word' id='word_1_190' title='bbox 1130 2351 1320 2415; x_wconf 87' lang='lat' dir='ltr'><strong>justitiae</strong></span> <span class='ocrx_word' id='word_1_191' title='bbox 1353 2360 1400 2397; x_wconf 89' lang='lat' dir='ltr'><strong>et</strong></span> <span class='ocrx_word' id='word_1_192' title='bbox 1439 2348 1707 2414; x_wconf 84' lang='lat' dir='ltr'><strong>tyrannidis·</strong></span> <span class='ocrx_word' id='word_1_193' title='bbox 1736 2349 1868 2411; x_wconf 86' lang='lat' dir='ltr'><strong>odio,</strong></span> 
     </span>
     <span class='ocr_line' id='line_1_28' title="bbox 451 2425 1873 2492; baseline 0 -18"><span class='ocrx_word' id='word_1_194' title='bbox 451 2442 596 2490; x_wconf 90' lang='lat' dir='ltr'><strong>quam</strong></span> <span class='ocrx_word' id='word_1_195' title='bbox 634 2443 822 2492; x_wconf 90' lang='lat' dir='ltr'><strong>semper</strong></span> <span class='ocrx_word' id='word_1_196' title='bbox 856 2444 1146 2491; x_wconf 85' lang='lat' dir='ltr'><strong>omnemque</strong></span> <span class='ocrx_word' id='word_1_197' title='bbox 1178 2428 1454 2491; x_wconf 85' lang='lat' dir='ltr'><strong>injustitiam</strong></span> <span class='ocrx_word' id='word_1_198' title='bbox 1491 2436 1538 2473; x_wconf 88' lang='lat' dir='ltr'><strong>et</strong></span> <span class='ocrx_word' id='word_1_199' title='bbox 1574 2425 1873 2490; x_wconf 87' lang='lat' dir='ltr'><strong>iniquitatem</strong></span> 
     </span>
     <span class='ocr_line' id='line_1_29' title="bbox 451 2504 1875 2570; baseline 0 -19"><span class='ocrx_word' id='word_1_200' title='bbox 451 2521 636 2552; x_wconf 90' lang='lat' dir='ltr'><strong>summe</strong></span> <span class='ocrx_word' id='word_1_201' title='bbox 667 2506 893 2553; x_wconf 88' lang='lat' dir='ltr'><strong>exsecrati</strong></span> <span class='ocrx_word' id='word_1_202' title='bbox 922 2516 969 2552; x_wconf 92' lang='lat' dir='ltr'><strong>et</strong></span> <span class='ocrx_word' id='word_1_203' title='bbox 993 2505 1255 2553; x_wconf 90' lang='lat' dir='ltr'><strong>abominati</strong></span> <span class='ocrx_word' id='word_1_204' title='bbox 1287 2522 1474 2566; x_wconf 83' lang='lat' dir='ltr'><strong>sumuS,</strong></span> <span class='ocrx_word' id='word_1_205' title='bbox 1502 2520 1592 2570; x_wconf 93' lang='lat' dir='ltr'><strong>pro</strong></span> <span class='ocrx_word' id='word_1_206' title='bbox 1623 2513 1787 2552; x_wconf 88' lang='lat' dir='ltr'><strong>nostra</strong></span> <span class='ocrx_word' id='word_1_207' title='bbox 1809 2504 1875 2551; x_wconf 92' lang='lat' dir='ltr'><strong>vi-</strong></span> 
     </span>
     <span class='ocr_line' id='line_1_30' title="bbox 451 2581 1874 2647; baseline 0 -19"><span class='ocrx_word' id='word_1_208' title='bbox 451 2582 525 2628; x_wconf 90' lang='lat' dir='ltr'><strong>rili</strong></span> <span class='ocrx_word' id='word_1_209' title='bbox 562 2582 638 2628; x_wconf 91' lang='lat' dir='ltr'><strong>his</strong></span> <span class='ocrx_word' id='word_1_210' title='bbox 683 2583 766 2646; x_wconf 91' lang='lat' dir='ltr'><strong>qui</strong></span> <span class='ocrx_word' id='word_1_211' title='bbox 803 2583 990 2646; x_wconf 83' lang='lat' dir='ltr'><strong>justitiae</strong></span> <span class='ocrx_word' id='word_1_212' title='bbox 1031 2583 1256 2631; x_wconf 87' lang='lat' dir='ltr'><strong>zelatores</strong></span> <span class='ocrx_word' id='word_1_213' title='bbox 1297 2581 1642 2647; x_wconf 90' lang='lat' dir='ltr'><strong>rempublicam</strong></span> <span class='ocrx_word' id='word_1_214' title='bbox 1678 2597 1874 2646; x_wconf 89' lang='lat' dir='ltr'><strong>prorsus</strong></span> 
     </span>
     <span class='ocr_line' id='line_1_31' title="bbox 452 2659 1870 2726; baseline 0 -20"><span class='ocrx_word' id='word_1_215' title='bbox 452 2661 730 2708; x_wconf 86' lang='lat' dir='ltr'><strong>exstinctam</strong></span> <span class='ocrx_word' id='word_1_216' title='bbox 749 2670 797 2707; x_wconf 91' lang='lat' dir='ltr'><strong>et</strong></span> <span class='ocrx_word' id='word_1_217' title='bbox 814 2661 912 2724; x_wconf 85' lang='lat' dir='ltr'><strong>jam</strong></span> <span class='ocrx_word' id='word_1_218' title='bbox 933 2660 1119 2726; x_wconf 90' lang='lat' dir='ltr'><strong>penitus</strong></span> <span class='ocrx_word' id='word_1_219' title='bbox 1136 2661 1317 2708; x_wconf 86' lang='lat' dir='ltr'><strong>nullam</strong></span> <span class='ocrx_word' id='word_1_220' title='bbox 1334 2661 1594 2707; x_wconf 86' lang='lat' dir='ltr'><strong>instaurare</strong></span> <span class='ocrx_word' id='word_1_221' title='bbox 1616 2676 1672 2707; x_wconf 95' lang='lat' dir='ltr'><strong>ac</strong></span> <span class='ocrx_word' id='word_1_222' title='bbox 1693 2659 1870 2707; x_wconf 85' lang='lat' dir='ltr'><strong>salvam</strong></span> 
     </span>
     <span class='ocr_line' id='line_1_32' title="bbox 455 2735 1873 2804; baseline -0.001 -21"><span class='ocrx_word' id='word_1_223' title='bbox 455 2737 624 2799; x_wconf 89' lang='lat' dir='ltr'><strong>facere,</strong></span> <span class='ocrx_word' id='word_1_224' title='bbox 669 2747 811 2802; x_wconf 91' lang='lat' dir='ltr'><strong>atque</strong></span> <span class='ocrx_word' id='word_1_225' title='bbox 847 2737 910 2786; x_wconf 88' lang='lat' dir='ltr'><strong>ab</strong></span> <span class='ocrx_word' id='word_1_226' title='bbox 949 2737 1338 2804; x_wconf 90' lang='lat' dir='ltr'><strong>oppressionibus</strong></span> <span class='ocrx_word' id='word_1_227' title='bbox 1378 2737 1634 2803; x_wconf 82' lang='lat' dir='ltr'><strong>tyrannicis</strong></span> <span class='ocrx_word' id='word_1_228' title='bbox 1672 2735 1873 2802; x_wconf 88' lang='lat' dir='ltr'><strong>patriam</strong></span> 
     </span>
     <span class='ocr_line' id='line_1_33' title="bbox 454 2812 1876 2876; baseline -0.001 -16"><span class='ocrx_word' id='word_1_229' title='bbox 454 2814 654 2863; x_wconf 88' lang='lat' dir='ltr'><strong>liberare</strong></span> <span class='ocrx_word' id='word_1_230' title='bbox 676 2815 796 2862; x_wconf 89' lang='lat' dir='ltr'><strong>velle</strong></span> <span class='ocrx_word' id='word_1_231' title='bbox 826 2814 1125 2876; x_wconf 90' lang='lat' dir='ltr'><strong>videbantur,</strong></span> <span class='ocrx_word' id='word_1_232' title='bbox 1162 2833 1270 2863; x_wconf 89' lang='lat' dir='ltr'><strong>cum</strong></span> <span class='ocrx_word' id='word_1_233' title='bbox 1306 2815 1567 2862; x_wconf 88' lang='lat' dir='ltr'><strong>innumeris</strong></span> <span class='ocrx_word' id='word_1_234' title='bbox 1597 2814 1709 2861; x_wconf 85' lang='lat' dir='ltr'><strong>viris</strong></span> <span class='ocrx_word' id='word_1_235' title='bbox 1734 2812 1876 2860; x_wconf 89' lang='lat' dir='ltr'><strong>bonis</strong></span> 
     </span>
    </p>
   </div>
  </div>
 </body>
</html>
