2060 3392
717 282 863 319 LIBER
896 280 1099 319 SEXTUS.
1557 282 1608 319 23

192 371 675 438 smgemdederunt,
710 371 774 418 ita
806 379 860 416 ut
894 385 1012 417 caesa
1030 369 1216 417 circiter
1237 385 1302 415 vn
1323 370 1470 417 millia
1487 371 1609 417 viro-

193 468 302 500 rum
323 449 627 510 referrentur,
668 447 787 507 aliis,
827 447 910 511 qui
940 447 1063 495 elabi
1100 446 1321 495 manibus
1357 446 1610 494 hostilibus

194 538 476 597 potuerunt,
504 526 594 575 sibi
628 543 714 592 per
754 535 944 590 turpem
977 536 1025 573 et
1048 526 1414 589 ignominiosam
1448 525 1609 589 sugam

192 604 589 655 consulentibus¹.

181 714 188 723 -
258 685 312 730 ln
335 698 396 730 eo
427 696 621 747 quoque
655 673 910 740 beneficio,
938 681 1037 746 ipse
1070 680 1217 728 totius
1246 680 1362 744 regii
1380 684 1610 732 exercitus

194 760 292 809 dux
314 761 469 809 dictus
489 759 716 811 dominus
733 759 794 806 de
810 761 987 815 Cra0n‚
1008 758 1097 806 sibi
1119 757 1390 824 praesidium
1402 777 1607 825 ponens,

193 839 361 887 mortis
380 847 496 885 tunc
531 837 678 884 evasit
700 837 963 902 periculum
980 874 993 898 ,
1021 846 1068 883 et
1093 836 1252 900 fugere
1278 853 1380 884 non
1405 837 1579 886 destitit
1595 877 1607 897 ,

194 916 357 965 castris
382 924 431 962 et
456 914 608 979 copiis
629 923 815 974 exutus,
841 912 998 961 donec
1019 913 1081 961 ad
1104 923 1310 961 castrum
1332 913 1393 960 de
1415 916 1608 980 Ligny‘,

194 993 245 1041 in
261 1002 388 1041 terra
411 991 626 1039 Barrensi
643 1028 655 1050 ,
681 1007 780 1038 sese
821 991 1014 1056 recepit.
1056 989 1339 1054 Hujusmodi
1363 992 1492 1038 enim
1516 1009 1614 1040 cas-

194 1080 323 1118 trum
343 1086 426 1117 nex
450 1068 541 1116 sibi
574 1068 720 1134 paulo
745 1077 856 1115 ante
891 1068 1155 1116 donaverat
1175 1067 1236 1115 de
1273 1067 1614 1117 confiscatione

194 1145 439 1201 bonorum
472 1146 659 1194 comitis
679 1146 1011 1194 Sancti-Pauli.
1040 1148 1144 1210 lpse
1168 1162 1301 1204 vero,
1339 1146 1480 1193 nimis
1495 1163 1614 1212 prae-

196 1234 505 1292 sumptuosus
526 1235 574 1272 et
587 1224 822 1290 superbus
838 1224 963 1288 (talis
981 1224 1111 1271 enim
1133 1224 1331 1272 simulet
1343 1224 1613 1279 *admodum

197 1317 368 1352 avarus
379 1304 600 1351 exsistere
614 1303 934 1350 communiter
950 1301 1226 1366 ferebatur),
1235 1302 1374 1349 valde
1389 1302 1614 1365 ignavum

195 1389 243 1428 et
271 1381 474 1430 inertem
512 1398 562 1428 se
596 1379 818 1429 ostendit.
854 1380 950 1438 Qui
970 1397 1082 1427 cum
1119 1389 1229 1427 ante
1265 1380 1438 1427 certior
1468 1380 1617 1427 sactus

196 1457 355 1507 fuisset
376 1460 438 1507 de
458 1458 683 1506 omnibus
704 1475 809 1523 quae
833 1458 912 1519 hi,
933 1459 1015 1522 qui
1032 1459 1158 1505 intus
1181 1457 1359 1505 obsessi
1378 1468 1425 1505 et
1445 1458 1529 1521 qui
1555 1458 1616 1505 de

187 1535 309 1590 *foris
331 1536 556 1584 advenire
576 1546 820 1602 poterant,
845 1536 969 1582 inter
989 1552 1038 1583 se
1055 1536 1260 1583 invicem
1278 1535 1613 1597 condixerant,

195 1630 295 1662 non
338 1614 473 1662 aliter
513 1614 604 1661 sibi
639 1624 782 1679 atque
818 1615 1067 1673 exercitui,
1097 1616 1175 1662 cui
1203 1624 1423 1681 praeerat‚
1450 1631 1617 1662 cavere

197 1700 339 1758 atque
350 1692 604 1758 providere
626 1692 825 1740 curavit.

263 1769 402 1817 Unde
426 1787 530 1831 rex,
567 1769 736 1816 nuntio
758 1769 1090 1833 hujuscemodi
1113 1768 1261 1816 cladis
1276 1778 1492 1834 accepto,
1517 1785 1617 1816 non

198 1862 346 1912 parvo
369 1846 535 1894 dolore
548 1863 814 1911 percussuS,
838 1847 967 1909 gravi
982 1847 1125 1893 etiam
1144 1846 1214 1892 ira
1227 1855 1273 1892 et
1290 1844 1618 1908 indignatione

198 1924 422 1973 adversus
455 1925 610 1990 ipsum
643 1923 895 1971 dominum
933 1924 993 1971 de
1033 1926 1194 1971 Craon
1235 1939 1462 1971 accensus
1496 1923 1581 1970 suit
1602 1942 1613 1978 ;

198 2018 343 2068 quem
358 2003 398 2050 si
419 2003 469 2049 in
486 2001 708 2049 manibus
726 2012 858 2060 tunc,
875 2001 1184 2065 flagrantibus
1202 2002 1250 2047 in
1269 2017 1328 2048 eo
1342 2000 1616 2064 hujusmodi

198 2079 515 2147 passionibus,
538 2079 803 2141 habuisset,
826 2080 1139 2128 verisimiliter
1155 2095 1321 2145 poenas
1352 2078 1415 2127 ab
1436 2095 1496 2126 eo
1523 2096 1618 2127 suae

197 2157 575 2224 improvidentiae
599 2167 740 2223 atque
764 2157 1058 2221 negligentiae
1078 2157 1320 2221 exegisset.
1342 2159 1487 2221 Atque
1509 2158 1619 2204 satis

197 2235 392 2300 periculi
411 2235 484 2282 sui
496 2235 732 2293 conscius,
745 2236 794 2282 in
807 2234 936 2282 dicto
957 2234 1213 2282 fortissimo
1226 2243 1380 2281 castro
1393 2233 1453 2281 de
1466 2235 1618 2299 ligny

197 2330 247 2361 se
266 2313 519 2373 continuit,
533 2313 690 2361 donec
704 2314 885 2376 regium
904 2313 1117 2361 animum
1130 2350 1142 2372 ,
1168 2313 1372 2376 quaesitis
1384 2313 1618 2359 interven-

198 2389 426 2451 tionibus,
456 2391 747 2456 pacatiorem
793 2390 1013 2438 effectum
1037 2407 1294 2455 agnoscere
1317 2400 1505 2455 posset3
1528 2390 1619 2437 dis-

198 2471 426 2520 simulans
464 2488 554 2538 pro
592 2482 809 2537 tempore
839 2471 901 2519 ad
938 2471 1116 2536 regiam
1157 2471 1382 2519 accedere
1418 2487 1618 2537 pra-sen·

200 2549 313 2597 tiam
326 2586 340 2610 ,
357 2549 466 2597 licet
487 2567 573 2615 per
585 2551 780 2597 nuntios
807 2560 854 2597 et
877 2549 1098 2614 epistolas
1115 2566 1195 2597 rex
1214 2548 1438 2597 eumdem
1464 2564 1619 2595 accer-

255 2671 292 2707 1.
325 2671 443 2708 i‘ou
463 2671 486 2708 [ι
503 2669 662 2709 octobre
681 2672 799 2713 1477.

254 2733 293 2770 Ξ.
325 2730 580 2779 Aujourd’hui
612 2732 708 2772 dans
731 2733 768 2772 le
791 2732 1057 2786 department
1082 2733 1183 2772 dela
1208 2735 1359 2778 Mense,
1380 2729 1619 2770 attondim-

201 2803 307 2847 ment
325 2793 374 2832 de
393 2795 638 2835 Bar-le-Duc.
