2060 3392
509 311 584 349 354
1078 309 1327 348 APOLOGIA
1341 337 1352 356 ‚

765 585 1022 642 INCIPIT
1060 586 1262 642 LIBER
1299 586 1658 641 SECUNDUS.

854 934 1249 981 CAPITULUM
1295 931 1581 979 PRIMUM.

550 1067 660 1113 Quod
683 1069 841 1104 honores
858 1077 893 1104 et
909 1069 1064 1105 culmina
1085 1069 1336 1117 temporalium
1356 1067 1568 1116 dignitatum
1591 1067 1712 1103 beatos
1731 1066 1876 1102 minime

1128 1125 1301 1163 efficiunt.
1679 1140 1681 1142 ·

566 1251 660 1299 Sed
690 1253 944 1317 quoniam,
994 1263 1048 1300 ut
1082 1253 1307 1301 Boethius
1342 1253 1520 1318 inquit,
1554 1251 1928 1302 infelicissimum

501 1329 747 1378 infortunii
770 1348 919 1394 genus
940 1341 1010 1379 est
1032 1331 1172 1379 fuisse
1204 1331 1414 1388 felicem,
1447 1340 1517 1390 et,
1542 1340 1596 1378 ut
1618 1330 1787 1394 vulgus
1806 1331 1927 1378 aesti-

500 1423 631 1455 mare
665 1409 860 1471 assolet,
896 1409 956 1456 de
989 1409 1189 1457 honoris
1219 1409 1495 1475 temporalis
1524 1408 1706 1472 fastigio
1729 1409 1806 1456 vel
1831 1425 1929 1457 ma-

500 1500 702 1548 gnarum
724 1485 968 1534 affluentia
998 1503 1147 1552 opum
1170 1503 1227 1534 ac
1249 1487 1520 1534 divitiarum
1543 1486 1594 1533 in
1623 1485 1928 1533 humiliorem
1992 1550 1995 1551 ⁷

500 1561 690 1610 devolvi
718 1563 959 1611 fortunam
986 1564 1216 1612 miserum
1242 1574 1290 1612 et
1312 1564 1642 1612 calamitosum
1666 1579 1781 1615 esse,
1795 1563 1930 1612 vide-

499 1650 594 1703 tur,
612 1641 789 1689 durum
801 1659 858 1690 ac
874 1642 1065 1690 difficile
1081 1643 1326 1690 nonnullis
1343 1642 1494 1690 videri
1511 1651 1665 1708 potest
1680 1641 1929 1706 quomodo

500 1719 606 1783 quis
630 1718 908 1784 hujusmodi
932 1720 1231 1768 fortunarum
1254 1737 1310 1768 ac
1335 1730 1482 1767 status
1503 1719 1930 1767 commutationem

501 1813 638 1861 aequo
666 1807 714 1845 et
738 1798 917 1845 invicto
947 1798 1110 1846 animo
1132 1798 1253 1845 ferre
1277 1798 1441 1863 possit.
1470 1800 1527 1844 Et
1556 1806 1810 1862 propterea
1834 1797 1931 1844 for-

500 1890 586 1923 san
607 1876 913 1941 quamplures
935 1893 1034 1924 esse
1061 1877 1172 1924 satis
1193 1886 1435 1942 putamus,
1461 1875 1543 1940 qui
1566 1874 1631 1922 ob
1652 1874 1930 1938 hujusmodi

500 1952 606 2000 vitae
629 1970 795 2001 cursus
813 1954 1215 2019 permutationem
1237 1969 1327 2000 nos
1346 1953 1396 1999 in
1415 1968 1617 2016 magnos
1635 1968 1862 2000 moerores
1883 1962 1932 2000 et

501 2030 744 2079 luctuosos
766 2032 1027 2095 anxiosque
1054 2031 1254 2095 gemitus
1278 2030 1487 2094 dejectos
1508 2028 1813 2088 arbitrentur,
1838 2046 1928 2077 ve-

502 2108 589 2155 luti
607 2125 665 2155 ex
681 2125 854 2173 magna
872 2108 1081 2175 quadam
1103 2107 1322 2155 felicitate
1338 2108 1388 2154 in
1408 2107 1646 2155 miseriam
1657 2106 1923 2155 devolutos.

570 2189 748 2234 Verum
769 2188 807 2234 si
840 2187 953 2234 tales
978 2203 1077 2234 non
1102 2186 1357 2249 vulgariter
1378 2196 1520 2250 atque
1546 2185 1839 2251 populariter
1865 2184 1929 2233 ad

504 2263 768 2328 insipientis
789 2274 835 2311 et
857 2263 1064 2329 imperiti
1085 2263 1214 2327 vulgi
1243 2263 1541 2328 opinionem,
1575 2261 1658 2309 sed
1685 2262 1844 2328 potius
1866 2261 1928 2310 ad

503 2340 772 2402 veritatem,
799 2357 944 2404 quam
957 2377 969 2400 ,
1000 2340 1181 2388 nedum
1206 2341 1370 2388 litterae
1392 2356 1533 2387 sacrae
1554 2339 1617 2387 ad
1638 2340 1929 2388 consolatio-

505 2433 618 2464 nem
645 2427 693 2464 et
719 2418 1038 2465 eruditionem
1067 2427 1279 2465 nostram
1309 2417 1532 2464 divinitus
1563 2415 1704 2464 nobis
1726 2416 1925 2478 traditae,

506 2495 591 2560 sed
620 2497 763 2543 etiam
793 2496 1039 2559 gentilium
1073 2495 1474 2561 philosophorum
1504 2495 1762 2560 disciplinae
1787 2503 1929 2560 atque

506 2572 825 2620 institutiones
847 2572 1179 2638 prodiderunt,
1203 2571 1533 2637 philosophari
1556 2582 1767 2638 possent,
1787 2571 1928 2637 longe

505 2649 641 2696 aliter
657 2665 714 2697 ac
733 2649 1019 2709 existimant,
1038 2665 1137 2696 esse
1153 2648 1467 2711 intelligerent
1486 2658 1628 2713 atque
1640 2648 1922 2713 judicarent.

505 2725 765 2775 Arbitratur
785 2726 1011 2792 insipiens
1033 2726 1201 2789 vulgus
1221 2726 1272 2772 in
1294 2742 1575 2790 magnarum
1597 2727 1928 2792 perfunctione

507 2820 563 2852 ac
583 2803 870 2853 sublimitate
894 2805 1178 2870 dignitatum
1199 2820 1422 2868 magnam
1448 2804 1717 2852 felicitatem
1742 2805 1922 2868 inesse5
