2060 3392
480 308 557 344 260
1049 305 1300 343 APOLOGIA
1317 334 1326 350 ,

544 395 687 453 Quod
718 394 932 459 profecto
965 409 1063 440 non
1099 392 1301 440 dicimus
1334 392 1466 456 quod
1489 408 1579 439 nos
1600 392 1760 440 bonos
1796 409 1897 442 esse

477 473 552 520 vel
573 473 757 519 virtutis
778 470 956 534 aliquid
987 470 1037 517 in
1071 469 1212 518 nobis
1239 470 1456 518 exsistere
1483 479 1759 533 arroganter
1779 485 1899 519 asse-

476 566 579 596 rere
604 548 923 596 intendamus.
950 546 1079 594 Absit
1102 547 1197 594 hoc
1224 564 1253 594 a
1290 546 1430 594 nobis
1466 556 1513 594 et
1539 545 1602 598 ab
1633 545 1899 595 humilitate

475 626 729 673 christiana
743 662 754 684 ,
771 638 891 671 'cum
915 625 1059 672 etiam
1081 623 1272 672 cuidam
1291 623 1583 672 Salvatorem
1600 632 1818 671 nostrum
1832 624 1901 671 in·

474 693 732 765 terroganti
769 711 816 748 et
851 701 1038 749 bonum
1069 701 1311 762 asserenti,
1345 700 1407 748 ab
1446 701 1618 749 eodem
1659 700 1900 748 Salvatore

475 796 758 844 responsum
775 779 1049 827 noverimus
1069 797 1079 825 ε
1101 800 1124 823 α
1145 779 1273 838 Quid
1286 796 1364 827 me
1380 780 1640 843 interrogas
1651 779 1712 827 de
1728 778 1896 827 bono?

476 861 609 904 Unus
627 867 695 904 est
719 856 880 905 bonus
901 860 1046 904 Deus.
1077 878 1100 902 »
1122 857 1212 905 Sed
1250 857 1648 922 qualemcumque
1670 855 1732 904 de
1749 856 1901 904 *nobis

473 933 717 995 habuerit,
764 950 848 981 seu
891 933 952 981 de
990 935 1187 995 virtute,
1236 951 1319 982 seu
1356 934 1417 982 de
1459 933 1899 998 quantulacumque

473 1011 669 1058 scientia
685 1011 760 1058 vel
781 1011 1089 1074 intelligentia
1112 1012 1472 1059 aestimationem
1492 1011 1568 1058 vel
1587 1011 1895 1076 opinionem,

475 1087 708 1134 ref'erente
734 1088 837 1135 viro
860 1089 1044 1152 optimo
1072 1098 1119 1135 et
1140 1087 1436 1148 fidelissimo,
1476 1087 1629 1151 dignae
1659 1087 1900 1134 memoriae

472 1165 671 1212 domino
693 1164 912 1212 Johanne
932 1165 1164 1226 Infantis¹,
1185 1165 1345 1229 legum
1364 1164 1562 1231 doctore
1581 1165 1770 1228 egregio
1793 1164 1899 1229 (qui

472 1243 558 1290 fuit
582 1243 894 1291 cancellarius
914 1242 966 1290 in
987 1242 1124 1290 terris
1147 1241 1282 1289 ducis
1309 1242 1575 1299 Alenconii,
1598 1250 1647 1288 et
1675 1251 1779 1289 tum
1799 1251 1902 1290 erat

471 1323 693 1385 magister
719 1322 863 1368 etiam
884 1331 1209 1385 requestarum
1232 1321 1400 1384 regalis
1421 1319 1587 1384 aulae),
1614 1321 1897 1384 agnovimus

476 1399 609 1462 quod
637 1398 750 1445 talia
773 1415 878 1463 quae
910 1398 1114 1445 diximus
1136 1397 1281 1446 verba
1317 1397 1378 1446 de
1412 1396 1555 1445 nobis
1583 1413 1642 1445 ex
1672 1413 1757 1445 ore
1781 1398 1902 1462 regis

474 1475 747 1523 audivisset.
767 1478 833 1522 Ex
851 1492 949 1539 quo
963 1484 1089 1522 certe
1104 1475 1204 1539 ejus
1216 1475 1404 1523 animus
1427 1474 1490 1523 ad
1512 1491 1602 1523 nos
1619 1474 1902 1539 indignatio-

475 1569 587 1599 nem
613 1568 800 1616 semper
822 1551 964 1598 nobis
985 1551 1117 1597 visus
1140 1561 1210 1598 est
1237 1551 1441 1599 tenuisse
1465 1567 1520 1599 ac
1542 1567 1774 1614 servasse,
1797 1568 1902 1599 nos·

476 1647 587 1694 que,
609 1640 841 1694 tanquam
866 1630 963 1676 suis
984 1628 1181 1675 minime
1204 1628 1538 1676 affectionibus
1561 1638 1897 1689 assentantem,

477 1708 682 1754 invisum
705 1718 847 1772 atque
870 1703 1142 1772 suspectum
1168 1705 1406 1753 habuisse.
1439 1708 1596 1764 Quam
1614 1706 1900 1770 indignatio-

477 1801 590 1831 nem
606 1785 644 1831 si
658 1801 746 1849 pro
763 1784 844 1831 tali
860 1781 1148 1829 incurrimus
1169 1797 1327 1841 causa,
1343 1792 1392 1830 et
1407 1783 1786 1847 persecutionem
1801 1799 1902 1830 sus·

479 1864 711 1923 tinemus,
734 1863 948 1924 ingentes
969 1858 1082 1906 inde
1100 1858 1272 1922 gratias
1291 1859 1460 1907 divinae
1474 1858 1706 1908 debemus
1717 1859 1897 1925 pietati.

979 2007 1320 2053 CAPITULUM
1354 2010 1412 2054 V.

537 2147 652 2183 Aliam
678 2145 780 2193 regim
802 2144 1056 2192 indignationis
1078 2146 1262 2181 continens
1287 2159 1427 2182 causam
1451 2160 1494 2183 ex
1519 2146 1700 2182 deditione
1718 2155 1845 2182 nostru

1111 2212 1272 2240 civitatis.

551 2328 642 2375 Sed
671 2346 783 2376 cum
811 2329 980 2376 eadem
1003 2329 1065 2375 ad
1090 2327 1430 2392 persecutionis
1451 2325 1758 2374 acerbitatem
1778 2341 1902 2372 non-

487 2406 605 2454 dum
622 2410 636 2431 ²
670 2408 973 2472 processiset,
1009 2423 1068 2454 ex
1099 2405 1174 2452 his
1207 2414 1332 2451 certe
1365 2420 1470 2467 quae
1494 2403 1745 2451 subsecuta
1766 2412 1899 2465 sunt,

485 2501 596 2531 cum
632 2501 858 2547 germano
889 2501 978 2531 suo
1014 2484 1103 2549 piae
1137 2482 1478 2530 recordationis
1516 2481 1741 2528 ducatum
1786 2483 1903 2528 Nor·

539 2617 578 2653 1.
609 2617 704 2653 Jean
732 2615 895 2652 Lenfant
911 2643 922 2661 ‚
942 2613 1030 2665 qui,
1053 2620 1171 2651 avant
1187 2612 1236 2650 de
1254 2604 1411 2664 remplir
1436 2612 1490 2650 les
1519 2611 1707 2650 fonctions
1732 2610 1827 2649 dont
1849 2624 1902 2667 'va

484 2678 611 2728 parler
637 2679 822 2724 l’auteur,
850 2677 952 2715 avait
984 2676 1044 2714 ete
1071 2675 1267 2728 president
1295 2675 1347 2714 du
1374 2675 1518 2714 conseil
1555 2673 1900 2713 d'administration

483 2739 638 2778 institue
656 2742 679 2778 ὲ
695 2742 830 2778 Rouen
852 2752 923 2792 par
939 2739 995 2777 les
1012 2738 1183 2790 Anglais.

537 2803 578 2841 2.
608 2802 758 2840 Nedum
781 2800 877 2839 dans
896 2800 934 2838 le
952 2813 1024 2842 ms.
