2060 3392
682 278 828 315 LIBER
856 278 1058 317 SEXTUS.
1526 281 1570 317 61

159 375 249 414 est.
271 367 551 413 -Neemen
570 402 584 425 ,
611 365 661 412 in
684 364 936 412 limitaneis
955 365 1104 428 agriS‚
1119 381 1158 412 a
1179 365 1350 429 praedis
1373 376 1419 412 et
1441 366 1583 414 latro-

163 439 300 492 ciniis
318 451 389 490 est
411 452 662 490 cessatum.

604 629 946 674 CAPITULUM
992 629 1136 674 XVII.

161 761 323 810 Degnvi
333 759 505 796 seditione
518 768 552 796 et
564 762 717 796 tumultu
729 770 853 796 exorto
870 761 1056 796 Florentiae
1071 762 1115 796 ab
1129 762 1187 796 his
1205 761 1250 796 de
1264 762 1396 797 familia
1412 762 1457 798 de
1473 764 1583 799 Passis

318 825 353 852 et
370 817 420 852 eis
436 815 710 863 adherentibus,
727 817 955 865 ejusdemque
969 819 1139 853 tumultus
1152 818 1397 866 pacificatione
1413 820 1439 853 ¹.

228 945 296 991 Ea
315 953 611 1009 tempestate,
636 946 879 1009 superiore
899 961 1047 1005 anno,
1068 945 1151 1008 qui
1163 945 1235 1007 ,ab
1255 946 1583 995 incarnatione

161 1020 334 1069 Christi
365 1031 465 1069 erat
489 1038 785 1070 nccccmnnx
799 1025 830 1083 ²,
855 1023 906 1069 in
928 1021 1047 1069 urbe
1070 1023 1243 1086 insigni
1272 1024 1448 1071 Tusciae
1482 1025 1587 1071 Flo-

161 1098 314 1146 rentia
330 1135 343 1160 ,
381 1099 535 1162 gravis
569 1109 616 1145 et
652 1099 919 1164 periculosa
951 1099 1124 1146 oborta
1150 1110 1221 1147 est
1248 1100 1433 1148 seditio.
1466 1101 1584 1150 Nam

161 1174 360 1240 quidam
391 1176 568 1223 civium
603 1176 664 1224 de
695 1176 871 1225 familia
903 1177 982 1223 cui
1010 1186 1078 1224 est
1113 1188 1488 1240 cognomentum
1524 1180 1583 1227 de

164 1253 315 1300 Passis
324 1253 357 1314 ⁸,
382 1253 433 1321 in
456 1253 624 1301 eadem
649 1253 770 1301 urbe
803 1255 914 1301 satis
940 1253 1067 1302 clara
1093 1265 1140 1302 et
1172 1255 1398 1320 opulenta
1417 1291 1429 1314 ,
1444 1298 1451 1304 .
1466 1256 1584 1304 ferre

163 1348 264 1380 non
285 1332 496 1380 valentes
526 1349 681 1397 neque
716 1333 862 1397 aequis
895 1333 1065 1380 animis
1093 1333 1324 1398 inspicere
1356 1333 1585 1382 familiam

162 1408 355 1456 illorum
382 1409 443 1456 de
476 1409 671 1457 Medicis
688 1447 700 1469 ,
733 1410 866 1470 satis,
901 1409 1082 1456 nedum
1109 1410 1158 1456 in
1191 1425 1248 1457 ea
1275 1409 1396 1457 urbe
1424 1420 1586 1459 totove

162 1484 281 1533 orbe
301 1485 559 1534 christiano
577 1525 589 1547 ‚
621 1486 704 1534 sed
726 1497 773 1533 et
795 1487 843 1533 in
874 1486 1110 1551 plerisque
1132 1486 1398 1534 infidelium
1429 1489 1587 1551 regnis

161 1578 219 1611 ac
264 1564 522 1629 provinciis
555 1563 848 1612 diffamatam
890 1563 955 1611 ob
993 1565 1229 1628 insignem
1269 1575 1316 1612 et
1358 1582 1585 1613 nummu·

160 1638 331 1690 latiam
369 1642 723 1706 trajectitiarum
750 1658 966 1690 mensam
995 1641 1137 1707 atque
1168 1644 1581 1697 exercitationem,

161 1719 212 1766 in
235 1735 322 1767 sua
345 1719 591 1785 republica
617 1721 811 1784 majoris
837 1721 1003 1768 crediti
1032 1731 1079 1767 et
1111 1722 1402 1769 auctoritatis
1430 1721 1585 1769 hono·

162 1795 294 1844 ribus
317 1798 496 1863 pollere
515 1835 527 1857 ‚
553 1814 699 1862 quam
725 1799 814 1863 ipsi
840 1786 1071 1846 hactenus
1092 1799 1383 1863 potuissent,
1408 1790 1511 1846 zelo
1540 1809 1587 1846 et

163 1873 343 1922 invidia
366 1876 606 1936 succensi,
646 1876 914 1938 cogitarunt
940 1891 1150 1939 quanam
1169 1875 1248 1922 via
1271 1876 1360 1941 ipsi
1388 1876 1495 1922 illos
1525 1875 1585 1922 de

165 1951 375 2012 Medicis,
391 1968 599 2016 quorum
619 1953 843 2018 praecipui
862 1962 909 1999 et
929 1953 979 1999 in
998 1968 1054 2000 ea
1068 1962 1184 1999 tunc
1203 1952 1324 2000 urbe
1336 1953 1587 2018 primiores

164 2039 298 2077 erant
331 2029 431 2077 duo
464 2031 706 2094 germani,
742 2032 1021 2078 Laurentius
1055 2030 1233 2078 scilicet
1263 2040 1310 2077 et
1335 2030 1550 2078 Julianus
1569 2069 1582 2092 ,

166 2124 266 2156 non
288 2108 436 2156 modo
460 2099 739 2163 auctoritate
762 2119 809 2156 et
828 2107 1095 2155 honoribus
1118 2108 1368 2156 detrudere
1385 2145 1399 2169 ,
1418 2125 1585 2156 verum

166 2187 333 2246 etiam,
367 2189 429 2234 ne
454 2173 550 2233 suis
572 2186 817 2234 obstarent
838 2185 1089 2234 conatibus
1107 2223 1118 2245 ,
1144 2187 1240 2233 vita
1260 2186 1447 2251 privare
1475 2203 1585 2251 pos-

167 2273 286 2321 sent.
318 2264 387 2312 Ad
414 2263 547 2329 quod
574 2263 919 2329 perficiendum
955 2264 1180 2310 comitem
1215 2263 1582 2328 Hieronymum,

222 2405 264 2443 ¹.
282 2404 435 2441 nevam
450 2415 496 2441 ce
520 2403 606 2440 n'tre
629 2415 680 2440 on
700 2402 742 2441 lit
760 2414 808 2440 en
832 2415 976 2454 marge,
998 2402 1046 2440 de
1064 2402 1102 2440 la
1121 2403 1246 2440 meme
1265 2402 1367 2440 main
1387 2402 1482 2440 dont
1500 2411 1586 2440 sont

170 2463 304 2502 ecrites
319 2465 375 2503 les
394 2474 521 2504 autres
537 2465 782 2504 annotations
805 2465 856 2503 du
878 2478 950 2505 ms.
972 2480 980 2503 :
1008 2481 1027 2499 ι
1044 2465 1185 2503 Mirum
1202 2463 1295 2515 quid
1314 2464 1403 2502 huic
1420 2464 1586 2502 historiae

175 2547 190 2562 ιι
213 2541 417 2568 commune
443 2531 490 2568 sit
516 2543 606 2569 cum
631 2529 746 2582 gestis
773 2529 959 2567 Ludovici
985 2537 1023 2567 et
1048 2528 1199 2576 Caroli;
1228 2537 1265 2566 et
1298 2528 1452 2580 quidem
1481 2527 1585 2579 quod

175 2610 191 2624 -
214 2590 410 2644 Philippus
426 2593 639 2632 Cominaeus
656 2592 732 2630 hoc
748 2593 834 2644 ipso
852 2592 938 2631 loco
956 2591 1058 2630 hanc
1079 2591 1157 2629 suis
1175 2591 1366 2629 interserit
1385 2603 1586 2629 commen—

174 2672 191 2688 ·
216 2653 333 2700 tariis,
348 2655 456 2706 quasi
473 2654 522 2693 de
538 2655 766 2707 compositm
786 2671 804 2689 ι·

225 2718 263 2754 2.
294 2716 471 2769 Cori-iga
487 2720 608 2757 1478.

224 2781 263 2835 3.
295 2781 368 2817 Les
385 2779 503 2818 pani.
