2060 3392
671 304 816 341 LIBER
857 305 1125 342 SECUNDUS.
1538 306 1614 343 363

195 399 268 439 ent
282 390 368 455 qui
397 388 685 439 sufficienter
705 389 882 439 referre
908 392 985 440 vel
1015 391 1224 456 cogitare
1250 389 1417 457 possit.
1448 392 1518 439 Ad
1551 394 1620 442 ul·

195 468 368 516 timum
382 504 396 530 ,
413 459 739 516 ¹existimantes
767 468 941 516 accolae
975 469 1140 535 patriae
1170 485 1420 534 nunquam
1452 469 1617 534 hujus-

194 546 330 596 modi
351 546 699 596 calamitatibus
719 548 816 595 suis
836 546 984 595 finem
1014 547 1174 596 afferri
1200 564 1365 613 posse,
1391 548 1483 596 nisi
1502 548 1617 596 inde

193 624 354 673 hostoe
371 623 552 687 Anglici
573 623 878 689 pellerentur,
903 624 967 672 ad
981 624 1031 671 id
1065 623 1411 690 perficiendum
1432 634 1482 673 et
1499 641 1618 674 con-

195 701 536 751 summandum
568 701 666 765 regi
688 710 737 749 et
759 701 1059 767 principibus
1092 704 1393 760 Francorum,
1411 702 1523 750 totis
1544 703 1619 751 vi-

194 779 326 829 ribus
346 789 394 827 et
415 778 716 828 facultatibus
749 781 995 846 cooperati
1034 790 1170 842 sunt,
1201 797 1506 846 summopere
1533 781 1618 830 de-

197 857 459 919 siderantes
496 857 587 905 sub
623 858 881 924 imperium
923 857 1045 906 illud
1076 858 1240 906 nobile
1275 868 1322 906 et
1349 858 1619 908 humanum

194 935 444 1001 quondam
468 938 790 999 Francorum,
824 935 915 984 sub
937 953 1036 1002 quo
1055 937 1173 984 olim
1199 953 1370 985 eorum
1400 938 1620 1003 progeni-

193 1017 321 1062 tores
331 1014 490 1078 quiete
508 1023 556 1061 et
571 1012 768 1079 pacifice
782 1014 834 1062 in
847 1014 981 1062 bona
990 1014 1207 1062 libertate
1222 1024 1271 1063 et
1282 1015 1620 1080 tranquillitate

193 1091 454 1156 aliquando
475 1092 714 1154 vixerant,
737 1092 904 1140 reduci
927 1109 984 1141 ac
1004 1093 1208 1154 restitui,
1231 1109 1367 1158 spem
1387 1093 1619 1143 habentes

193 1168 324 1218 velut
346 1168 667 1225 indubitatam
680 1205 693 1230 ,
723 1170 763 1218 si
796 1170 847 1218 id
875 1169 1136 1234 aliquando
1163 1170 1340 1218 factum
1363 1170 1484 1218 foret
1497 1208 1512 1233 ,
1533 1189 1584 1220 se
1600 1209 1614 1233 ,

194 1246 341 1295 veluti
361 1248 655 1313 postliminio
675 1247 739 1295 ab
762 1247 981 1296 hostibus
1004 1257 1220 1314 receptos
1236 1258 1380 1313 atque
1403 1259 1613 1315 ereptos,

193 1327 399 1391 prisoem
439 1327 572 1377 illam
601 1327 932 1394 pulcherrimae
962 1328 1214 1389 libertatis,
1254 1330 1443 1394 justitiae
1473 1340 1618 1395 atque

193 1403 504 1452 immunitatis
525 1406 731 1471 speciem
750 1442 764 1465 ,
791 1405 970 1471 quibus
995 1407 1068 1454 sui
1091 1407 1296 1470 majores
1326 1416 1437 1455 ante
1464 1407 1617 1457 bello·

191 1497 301 1528 rum
320 1482 610 1531 calamitates
627 1483 767 1548 potiti
798 1483 1001 1544 fuerant,
1027 1500 1309 1549 recuperare
1333 1484 1528 1533 debere.
1563 1489 1620 1534 Et

190 1558 287 1608 boe
326 1560 523 1624 quidem
564 1561 761 1625 singulis
797 1560 1067 1610 civitatibus
1111 1571 1255 1626 atque
1289 1563 1480 1628 oppidis
1510 1581 1619 1629 pro·

190 1636 373 1697 vinciae,
405 1637 524 1686 dum
555 1637 617 1686 ab
650 1639 912 1703 Anglorum
946 1639 1149 1704 impen'o
1181 1640 1306 1688 cives
1345 1640 1618 1691 deficientes

190 1731 292 1763 sese
321 1726 493 1781 sponte
523 1733 609 1764 sua
641 1717 875 1764 dederent
906 1717 1084 1764 Karolo
1113 1719 1223 1779 vll,
1262 1725 1379 1767 tunc
1408 1722 1617 1768 Franco-

190 1807 300 1839 rum
340 1793 440 1856 regi
454 1829 469 1855 ,
509 1803 560 1841 et
592 1793 727 1857 quod
772 1793 907 1841 omni
947 1793 1307 1858 benevolentia,
1353 1796 1514 1845 favore
1559 1814 1617 1846 ac

190 1868 383 1918 lenitate
405 1870 624 1934 regendi,
649 1870 884 1919 tractandi
920 1880 968 1919 et
1001 1872 1319 1920 conservandi
1347 1878 1528 1937 essent,
1552 1875 1616 1923 ab

190 1947 296 2012 ipso
325 1963 435 2011 rege
476 1958 525 2002 et
561 1949 659 1996 suis
695 1948 899 1996 ducibus
935 1965 993 1998 ac
1026 1949 1253 1998 ministris
1288 1951 1617 2016 spondebatur

189 2033 334 2087 atque
354 2023 687 2089 pollicebatur.
715 2028 824 2085 Qua
848 2043 932 2091 spe
955 2026 1112 2074 allecti
1126 2063 1140 2088 ,
1167 2043 1337 2076 omnes
1363 2030 1447 2093 qui
1479 2041 1615 2096 pote-

190 2110 324 2163 rant,
358 2101 628 2151 deditiones
660 2102 815 2151 facere
848 2112 991 2168 atque
1024 2103 1285 2169 Anglorum
1322 2105 1614 2157 dominatio·

190 2193 303 2228 nem
324 2195 355 2228 a
377 2181 473 2228 suis
499 2176 718 2229 excutefe
742 2181 1006 2230 cervicibus
1032 2183 1247 2232 certatim
1271 2185 1611 2250 properabant.

190 2255 281 2304 Sed
317 2256 416 2305 heu
438 2257 448 2305 !
496 2268 732 2322 quantum
774 2260 932 2307 miseri
974 2259 1036 2308 ab
1070 2277 1154 2327 spe
1198 2278 1284 2311 sua
1323 2263 1584 2312 exciderint
1597 2302 1611 2327 ,

191 2349 432 2399 quamque
461 2336 703 2384 diversum
729 2335 792 2385 ab
821 2353 881 2384 eo
904 2337 1037 2401 quod
1070 2339 1138 2386 eis
1170 2338 1324 2387 fuerat
1347 2340 1614 2405 pollicitum

191 2426 219 2458 e
242 2411 435 2475 vestigio
455 2413 756 2473 invenerint,
783 2414 1168 2476 lamentabiliter,
1193 2417 1318 2481 proh
1348 2417 1510 2466 dolor!
1546 2420 1615 2467 ni·

191 2488 343 2536 mium
362 2500 474 2538 sunt
493 2492 690 2558 experti.
726 2494 982 2557 Coeperunt
999 2495 1156 2543 statim
1178 2496 1347 2543 Franci
1370 2512 1453 2545 eos
1480 2499 1613 2545 omni

191 2567 490 2631 vectigalium
516 2578 565 2616 et
593 2570 907 2619 collationum
938 2589 1108 2636 genere
1141 2590 1342 2622 onerare
1361 2611 1374 2635 ‚
1408 2575 1612 2622 militum

191 2645 473 2693 stationibus
498 2648 767 2711 opprimere
789 2659 838 2696 et
860 2650 1001 2698 variis
1026 2652 1230 2715 angariis
1258 2662 1304 2699 et
1323 2652 1613 2717 perangariis

190 2735 469 2784 aggravare,
493 2731 637 2786 atque
651 2757 665 2782 ‚
693 2723 824 2772 duris
850 2725 1153 2775 servitutibus
1173 2726 1391 2791 adjectis,
1417 2743 1611 2774 omnem

191 2798 258 2845 eis
289 2814 423 2863 paene
460 2797 725 2847 libertatem
748 2801 929 2866 eripere
946 2839 959 2863 ,
994 2802 1115 2851 adeo
1149 2804 1362 2869 profecto
1388 2813 1440 2850 ut
1462 2802 1613 2869 publi·
