2060 3392
646 249 791 285 LIBER
841 247 1042 285 SEXTUS.
1509 250 1560 286 55

147 335 719 403 Odomatgm3vequibus
749 334 973 383 cecidisse
1000 334 1242 393 nonnulli,
1275 334 1357 381 alii
1388 336 1561 400 captivi

148 418 280 468 ducti
308 418 448 466 fuisse
479 414 711 474 seruntur,
747 412 849 460 aliis
893 411 1015 460 infra
1046 411 1174 461 dicta
1191 411 1494 477 oppidasese
1510 414 1559 461 in

149 504 254 544 tuto
272 492 625 560 recipientibus.

214 575 374 632 Quam
393 571 711 619 calamitatem
732 566 843 616 cum
877 565 1148 624 multitudo,
1172 582 1276 631 quae
1298 576 1399 615 erat
1421 567 1567 632 pedi-

151 660 278 711 mm,
308 648 599 713 agnovisset,
625 661 736 693 cum
764 660 861 708 qua
883 653 984 692 erat
1006 644 1102 691 dux
1120 643 1312 692 Austriae
1332 654 1381 692 et
1406 660 1568 694 comes

152 725 214 778 de
251 724 684 781 Rotundo-monte‚
723 720 1097 778 Sabaudiensis¹,
1126 721 1356 784 generalis
1397 723 1570 788 capita-

151 820 274 858 neus
289 803 664 887 Flamingorum,
687 817 745 849 ex
765 799 1034 848 imminenti
1048 799 1261 864 periculo
1280 811 1571 852 assumentes

153 880 406 931 consilium
447 879 689 943 animique
728 892 898 925 ausum
938 885 1080 940 atque
1127 875 1468 927 confidentiam
1515 895 1573 927 ex

153 957 416 1046 praesenti,-
439 955 572 1021 quod
610 953 913 1015 imminebat,
950 954 989 1001 si
1022 962 1154 1016 terga
1185 963 1443 1014 verterent,
1476 956 1575 1004 exi-

154 1037 257 1096 tio,
287 1035 443 1084 missis
480 1035 616 1100 equis
658 1049 827 1082 omnes
864 1032 1012 1082 ferme
1045 1031 1290 1097 pediteS,
1278 1050 1330 1081 m
1359 1033 1573 1099 peditum

154 1116 473 1172 Francorum,
498 1128 621 1176 quos
650 1111 841 1159 francos
866 1109 1128 1174 sagittarios
1152 1110 1421 1183 appellant,
1442 1112 1575 1160 mul-—

155 1187 412 1242 titudinem
456 1192 699 1254 ingentem
743 1190 923 1238 irruere
967 1184 1263 1257 coeperun'tol
1269 1191 1416 1247 Quos
1466 1205 1578 1237 cum

157 1269 341 1335 equites
363 1272 660 1317 Francorum
695 1276 944 1332 protegere
972 1275 1117 1330 atque
1147 1240 1417 1328 definsare,
1438 1283 1580 1332 pene-

156 1358 376 1411 trareque
401 1363 514 1394 cum
539 1346 716 1394 lanceis
746 1355 794 1393 et
824 1344 979 1392 contis
1013 1359 1193 1390 euneos
1204 1329 1579 1432 ’ῌὲιωίῃςριυω

157 1434 479 1484 comentur,
515 1424 612 1471 hoc
652 1423 831 1484 facere,
875 1422 943 1469 uti
982 1420 1344 1482 desiderabant,
1383 1423 1580 1471 minime

158 1512 434 1570 potuerunt.
463 1504 584 1549 Nam
606 1502 697 1566 ipsi
715 1500 946 1564 Flamingi
963 1499 1167 1565 pedites,
1184 1502 1296 1546 cum
1314 1500 1410 1548 suis
1425 1501 1582 1565 longis

158 1581 332 1643 contis,
350 1580 598 1646 praeacutis
609 1578 904 1626 ferramentis
921 1578 1280 1639 commnunitis,
1301 1594 1421 1643 quas
1437 1579 1580 1643 vulgo

150 1658 302 1724 pilton
337 1657 618 1723 appellant',
656 1655 869 1703 hostium
897 1656 1185 1720 equites-,ne
1207 1657 1332 1704 intra
1350 1672 1400 1703 se
1422 1673 1472 1704 se
1494 1657 1582 1704 im-

160 1737 425 1794 mitterent,
470 1733 668 1782 viriliter
703 1732 947 1781 arcebant.
991 1734 1223 1780 Conserto
1266 1734 1426 1798 itaque
1471 1750 1582 1781 cum

161 1812 459 1880 pedestribus
491 1815 784 1860 Francorum
816 1812 967 1876 copiis
1005 1810 1109 1859 acri
1131 1803 1324 1877 'proeli0,
1359 1812 1442 1860 diu
1472 1829 1583 1860 cum

162 1906 338 1955 magna
361 1889 477 1938 hinc
499 1889 612 1937 inde
632 1888 845 1936 hostium
874 1899 1039 1953 strage.
1054 1889 1330 1938 dimicatum
1356 1900 1443 1938 est.
1465 1892 1586 1938 Tan-

163 1966 276 2016 dem
312 1977 428 2014 tunc
442 1968 456 1991 ⁸
487 1967 686 2014 victoria
718 1966 990 2030 FlamingiS‚
1039 1966 1123 2014 sed
1164 1983 1265 2015 non
1309 1967 1581 2029 incruenta,

162 2046 398 2112 provenit.
434 2047 725 2092 Francorum
764 2044 894 2091 enim
935 2043 1174 2109 praesidia,
1211 2046 1380 2110 quaein
1397 2047 1585 2093 Morino

160 2132 316 2182 erant,
341 2138 371 2171 a
391 2131 524 2186 tergo
544 2138 657 2169 cum
685 2121 788 2169 aliis
822 2124 857 2167 F
857 2112 1384 2187 rancorum'equitibus
1406 2124 1590 2170 irruen-

165 2209 234 2248 tes
268 2201 318 2248 in
344 2216 512 2248 currus
538 2209 587 2246 et
618 2215 721 2260 eos,
754 2199 839 2263 qui
865 2214 1071 2247 annonae
1101 2199 1422 2248 ministrandae
1441 2202 1455 2224 ⁸
1480 2201 1592 2249 alia·-

166 2294 371 2342 rumque
402 2277 776 2325 necessariarum
801 2293 962 2325 rerum
991 2278 1141 2341 gratia
1169 2278 1427 2327 exercitum
1459 2277 1593 2326 ducis

167 2355 488 2421 sequebantur
501 2393 514 2417 ,
535 2371 705 2404 omnes
737 2372 863 2421 quos
883 2356 1198 2420 invenerunt,
1226 2367 1275 2405 et
1304 2355 1511 2421 aurigas,
1546 2367 1594 2404 et

226 2509 263 2544 1.
292 2507 456 2558 Jacques
474 2505 525 2545 de
542 2505 696 2553 savoie,
717 2514 843 2544 comte
861 2505 911 2544 de
926 2508 1110 2545 Romont.

223 2569 264 2607 2.
293 2567 395 2608 Βόὺ
418 2568 456 2606 le
481 2575 564 2606 mot
588 2567 751 2618 francais
773 2572 908 2619 pique,
938 2567 1004 2619 qui
1028 2568 1128 2606 n’est
1150 2568 1259 2607 entre
1286 2566 1381 2606 dans
1404 2568 1442 2606 la
1459 2567 1598 2618 langue

171 2642 249 2682 que
266 2643 355 2669 vers
373 2642 419 2668 ce
438 2630 635 2682 temps-la.

228 2696 266 2732 3.
299 2693 427 2732 Plutot
445 2702 583 2733 tamen.
759 2703 762 2706 ’

228 2757 267 2795 1...
301 2757 555 2795 ministrandi
571 2754 667 2793 dans
682 2755 718 2793 le
734 2768 805 2794 ms.
