2060 3392
442 311 519 349 131.
807 307 1152 348 HISTORIARUM
1180 310 1419 349 LUDOVICI
1445 312 1501 349 XI

442 400 556 447 vino
581 398 823 447 abstinens
856 399 1080 464 replesset
1111 414 1183 458 se,
1226 409 1474 448 contracto
1506 401 1682 450 m¹orbo
1698 438 1711 462 ‚
1741 402 1865 451 infra

439 477 541 526 dies
561 487 672 526 octo
694 475 911 524 instabile
933 491 1135 540 regnum
1160 477 1301 525 simul
1317 493 1430 525 cum
1443 479 1538 527 vita
1559 479 1751 528 finivit¹.

507 559 616 621 Ipso
639 565 799 603 autem
819 555 886 602 sic
913 554 1011 602 vita
1035 554 1217 614 functo,
1260 556 1433 604 relictis
1453 558 1698 622 utriusque
1729 576 1865 624 sexus

437 633 629 692 liberis,
656 649 686 681 a
732 631 949 698 pluribus
974 631 1258 680 credebatur
1294 650 1494 697 regnum
1527 635 1588 684 ad
1623 637 1865 702 primoge-

438 711 592 757 nitum
616 710 755 772 ejus’,
785 709 854 756 uti
887 725 975 774 par
1011 708 1279 770 videbatur,
1309 724 1408 759 esse
1439 711 1743 776 devolutum3
1780 716 1864 780 qui

437 804 549 834 cum
571 786 730 853 adhuc
748 785 1019 834 minoribus
1031 787 1170 834 annis
1182 798 1338 835 essent
1351 788 1686 853 hujuscemodi
1703 791 1860 853 liberi,

437 864 628 911 interim
661 864 816 912 donec
838 863 1028 911 adultus
1048 862 1181 911 fieret
1200 865 1356 929 major
1378 876 1426 913 et
1442 867 1504 914 ad
1531 868 1665 931 regni
1696 869 1864 917 mode·

436 943 672 990 rationem
701 942 928 1002 idoneus,
953 958 1040 1007 per
1062 952 1286 1008 patruum
1312 959 1506 1003 eorum,
1540 944 1714 992 ducem
1745 946 1863 994 Glo-

435 1021 649 1080 cestriae⁸‚
675 1019 1106 1082 administraretur,
1144 1020 1207 1068 ad
1243 1037 1388 1085 quem
1401 1056 1414 1081 ,
1449 1031 1681 1085 tanquam
1721 1039 1864 1087 agna·

435 1098 565 1145 tione
626 1097 971 1163 proximiorem
990 1133 1003 1156 ‚
1060 1097 1343 1145 eorumdem
1393 1097 1656 1147 liberorum
1716 1101 1863 1149 tutela

432 1176 642 1239 legitima
671 1175 956 1241 pertinebat.
992 1178 1051 1222 Et
1073 1175 1170 1223 hoc
1190 1175 1387 1240 quidem
1409 1186 1463 1223 ut
1500 1176 1630 1224 idem
1664 1188 1864 1243 patruus

434 1254 663 1317 cogitaret
683 1253 745 1302 ab
769 1252 996 1301 omnibus
1026 1252 1174 1304 ferme
1199 1254 1251 1300 in
1282 1254 1386 1318 ipso
1406 1270 1554 1317 regno
1583 1252 1857 1320 putabatur.

432 1331 570 1395 Atqui
583 1348 694 1378 cum
706 1331 901 1379 eosdem
921 1330 1098 1378 liberos
1111 1331 1201 1378 sub
1220 1348 1418 1379 manum
1430 1349 1565 1380 suam
1581 1334 1858 1398 accepisset,

435 1425 534 1456 non
570 1408 722 1456 multo
757 1419 867 1474 post
900 1409 1092 1472 qualem
1113 1409 1176 1457 ad
1203 1425 1285 1457 eos
1305 1410 1521 1457 animum
1544 1410 1738 1475 gerebat
1761 1411 1862 1477 ipse

435 1486 708 1534 declaravit.
753 1489 848 1534 Nec
877 1502 1046 1534 eorum
1085 1496 1287 1534 matrem
1320 1487 1523 1552 impium
1558 1487 1771 1550 ejusdem
1805 1504 1862 1535 ac

434 1565 661 1628 injustum
699 1564 784 1611 diu
818 1565 1119 1629 propositum
1153 1564 1298 1612 latere
1332 1565 1511 1629 potuit3
1539 1581 1643 1628 quae
1679 1564 1860 1612 nedum

434 1642 526 1701 eis,
551 1641 635 1689 sed
658 1641 748 1689 sibi
785 1642 874 1706 ipsi
893 1642 1036 1689 etiam
1057 1642 1246 1702 timens,
1279 1642 1342 1690 ad
1362 1642 1525 1688 locum
1546 1658 1733 1689 sacrum
1771 1643 1861 1690 im—

436 1720 680 1768 munitatis
696 1756 709 1778 ‚
757 1721 864 1767 vitae
905 1737 998 1767 suae
1042 1720 1303 1783 securitatis
1333 1736 1502 1779 causa,
1547 1736 1595 1767 se
1629 1721 1830 1768 contulit
1843 1757 1856 1778 ‚

437 1798 780 1845 monasterium
813 1797 991 1845 scilicet
1030 1797 1162 1862 quod
1192 1801 1263 1845 W
1259 1798 1580 1844 estmonstier‘
1608 1797 1862 1863 vulgariter

437 1876 693 1942 appellant.

502 1956 569 1999 Ne
609 1961 770 2000 autem
802 1961 1002 2000 conatus
1032 1951 1245 2015 ejusdem
1285 1951 1460 2017 impios
1498 1950 1623 1998 ullus
1665 1950 1860 1998 auderet

436 2040 646 2078 avertere
661 2066 674 2090 ‚
702 2031 928 2079 dominos
952 2030 1013 2078 de
1037 2032 1217 2078 Rivzers
1238 2040 1286 2078 et
1319 2030 1379 2078 de
1409 2029 1694 2096 Hastz'ngloe‘
1717 2029 1858 2094 (quo-

436 2125 545 2155 rum
583 2109 701 2156 alter
738 2108 1003 2156 avunculus
1041 2107 1304 2156 liberorum
1343 2117 1466 2166 erat,
1505 2106 1648 2154 frater
1683 2107 1860 2154 scilicet

435 2187 635 2251 reginae)
684 2203 711 2234 e
756 2186 919 2234 medio
970 2186 1179 2245 sustulit,
1227 2202 1419 2233 necnon
1469 2185 1588 2233 alios
1636 2201 1858 2250 proceres

434 2264 566 2327 regni
588 2280 710 2330 quos
737 2264 949 2311 similiter
969 2272 1212 2329 suspectos
1234 2253 1461 2311 habebat.
1490 2261 1676 2310 Deinde
1706 2278 1855 2327 parvo

486 2443 504 2479 1
517 2472 525 2480 .
557 2442 582 2478 9
599 2440 698 2480 avril
718 2442 836 2481 1483.

486 2505 525 2542 2.
555 2495 761 2552 Edouard,
784 2504 855 2555 age
871 2503 919 2542 de
936 2504 1057 2542 douze
1076 2517 1158 2543 anS.

487 2567 525 2604 3.
554 2565 744 2613 Richard,
765 2565 841 2604 duc
859 2565 907 2604 de
925 2566 1135 2605 Glocester.

486 2627 833 2667 4.Westmi11ster.

485 2693 523 2728 5.
552 2689 719 2728 Antoine
742 2689 791 2728 de
816 2690 1015 2741 Wydvile‚
1037 2690 1214 2743 seigneur
1231 2691 1280 2729 de
1297 2691 1424 2729 Scales
1442 2698 1481 2729 et
1499 2689 1548 2728 de
1570 2690 1730 2736 Rivem,
1753 2689 1852 2727 frere

430 2753 479 2790 de
500 2753 536 2790 la
553 2752 680 2799 reine,
709 2761 747 2790 et
769 2752 935 2790 William
959 2753 1159 2804 Hasting5‚
1180 2753 1301 2804 grand
1324 2752 1565 2791 chambellan
1590 2751 1625 2789 d’
1630 2751 1851 2803 Angleterre

430 2824 466 2852 et
484 2828 731 2866 gouverneur
749 2814 798 2853 de
819 2815 954 2853 Calais.
