2060 3392
655 316 802 354 mm
826 315 1027 354 ramus.
1482 318 1558 353 259

140 403 353 468 jusmodi
371 403 682 463 saluberrima
700 414 749 451 et
759 404 839 469 pia
853 403 1120 451 cohortatio
1140 403 1323 451 radices
1339 404 1555 466 misisset,

146 479 281 528 brevi
319 480 523 532 decursu
556 480 783 547 temporis
824 479 1049 527 omnibus
1081 479 1213 527 factis
1249 479 1392 545 longe
1427 481 1562 529 aliter

148 574 295 624 quam
313 558 473 608 verbis
493 559 718 607 innotuit.
740 561 799 605 Et
812 556 954 605 nobis
973 557 1187 622 quidem,
1212 559 1295 622 qui
1316 568 1447 607 tanta
1469 559 1564 606 sin-

148 637 339 686 ceritate
377 647 425 685 et
457 636 656 702 parendi
692 645 834 702 atque
867 635 1148 683 consulendi
1182 635 1433 684 affectione
1473 636 1564 685 sibi

149 714 428 781 imprecanti
458 714 712 762 consilium
738 711 1070 777 hujuscemodi
1093 712 1401 774 dederamus,
1437 713 1565 762 hanc

148 791 319 854 vienn,
334 791 572 857 aliquibus
584 792 685 856 jam
698 799 806 856 post
816 789 1027 838 decursis
1038 791 1193 852 annis,
1205 790 1440 856 rependit,
1454 803 1567 840 'cum

149 867 387 936 principes
407 885 463 917 ao
483 884 704 937 proceres
726 868 861 933 regni
892 883 984 934 pro
1007 867 1347 916 reformatione
1367 869 1501 932 regni
1521 879 1569 916 et

149 947 455 1013 periclitantis
475 948 544 995 rei
561 947 764 1013 publicae
776 946 989 1010 ejusdem
1011 946 1194 994 statuin
1212 947 1381 994 melius
1393 945 1570 994 instau-

150 1027 310 1076 rando
323 1027 599 1092 conjuratos
619 1035 669 1074 et
689 1025 924 1073 adunatos
946 1023 1160 1086 vidisset,
1186 1025 1318 1088 quod
1343 1035 1390 1072 et
1412 1025 1571 1090 palam

151 1119 210 1153 σι
227 1105 478 1153 stomacho
499 1104 730 1165 evomuit,
754 1101 889 1168 quod
916 1118 1017 1150 non
1033 1100 1160 1151 bene
1182 1119 1339 1167 neque
1370 1101 1571 1150 fideliter

152 1180 244 1234 nihi
271 1183 525 1233 eonsilium
558 1182 677 1230 olim
709 1180 997 1229 dederamus
1026 1180 1160 1245 quod
1189 1196 1448 1228 numerum
1480 1181 1574 1229 mi-

152 1258 262 1307 litim
282 1276 378 1307 suae
399 1259 640 1308 moderari
656 1268 706 1306 et
724 1258 993 1306 diminuere
1019 1257 1233 1306 deberet.
1263 1259 1414 1323 Hujus
1442 1259 1573 1308 enim

154 1336 223 1383 rei
243 1337 392 1400 gratia
418 1347 616 1398 extunc,
641 1352 755 1384 cum
775 1351 827 1383 se
854 1335 918 1384 ad
943 1335 1100 1384 civilia
1121 1335 1249 1384 bella
1269 1337 1575 1385 convertisset

154 1413 329 1478 quibus
350 1429 552 1478 regnum
571 1422 728 1462 toturn
750 1412 1074 1475 vehementer,
1103 1412 1229 1479 prob
1251 1411 1419 1461 dolor!
1456 1429 1573 1463 con·

155 1503 429 1557 quassatum
457 1503 528 1543 est
549 1502 598 1542 et
623 1496 837 1543 attritum
855 1532 868 1556 ‚
893 1508 1082 1560 semper
1104 1490 1356 1540 adversum
1379 1509 1470 1540 nos
1499 1493 1576 1540 in-

155 1569 481 1636 dignationem
504 1571 674 1619 habuit
699 1581 749 1620 et
786 1570 991 1620 servavit
1019 1587 1033 1618 z
1067 1569 1202 1635 quasi
1237 1569 1339 1633 jam
1372 1578 1545 1617 extunc
1559 1606 1572 1630 ,

155 1659 269 1698 oum
303 1647 579 1714 hujusmodi
620 1649 874 1697 consilium
915 1646 1005 1696 sibi
1047 1647 1321 1712 exposcenti
1357 1645 1578 1694 dedimus

157 1724 310 1790 (quod
335 1725 422 1776 suit
441 1743 555 1774 cum
578 1727 790 1792 primum
812 1726 992 1788 regiam
1014 1740 1150 1772 suam
1164 1724 1476 1772 Parisiensem
1490 1741 1578 1771 ur-

157 1799 273 1850 bem
292 1802 528 1863 introivit,
560 1805 759 1851 veniens
780 1820 836 1850 ex
867 1801 1024 1849 Remis
1053 1800 1138 1848 ubi
1161 1817 1303 1849 sacrae
1338 1801 1580 1848 unctionis

161 1895 335 1928 munus
350 1882 629 1947 receperat),
651 1882 858 1945 cogitare
879 1894 1127 1946 possemus
1140 1878 1217 1926 vel
1238 1879 1372 1943 quod
1398 1878 1488 1926 sibi
1510 1879 1581 1926 in-

162 1958 288 2018 ferri,
321 1959 395 2006 vel
421 1975 450 2006 a
483 1976 532 2026 se
565 1970 733 2007 contra
755 1958 996 2023 sanguinis
1018 1958 1091 2005 sui
1117 1958 1356 2023 principes
1385 1974 1581 2023 promo·

161 2037 261 2084 veri
293 2046 340 2084 et
375 2037 587 2085 suscitari
610 2036 840 2085 deberent
860 2035 988 2084 bella
1016 2034 1193 2094 civilia,
1231 2037 1314 2099 qui
1345 2036 1390 2082 ei
1411 2053 1580 2084 omnes

73 2129 80 2139 ’
161 2124 276 2162 tunc
298 2124 431 2163 tanta
457 2115 778 2165 benivolentia
802 2124 849 2163 et
878 2115 1071 2163 caritate
1097 2113 1342 2178 conjuncti
1372 2124 1420 2162 et
1448 2124 1581 2164 tanta

162 2188 359 2260 parendi
383 2204 431 2241 et
451 2193 748 2259 obsequendi
765 2192 1142 2258 promptitudine
1165 2193 1368 2239 connexi
1387 2208 1486 2239 esse
1517 2191 1579 2239 ab

163 2270 387 2320 omnibus
403 2269 719 2337 putabantur!
757 2270 852 2318 Sed
879 2279 1006 2317 certe
1035 2286 1191 2335 neque
1214 2286 1397 2316 novum
1424 2286 1579 2334 neque

162 2364 325 2397 recens
349 2358 422 2397 est
446 2349 578 2414 quod
603 2349 808 2412 tragicus
836 2348 1007 2396 cecinit
1030 2365 1042 2394 ε

281 2472 477 2521 Oderunt
491 2489 604 2534 sape
622 2488 743 2534 reges
760 2472 874 2520 dicta
895 2488 991 2531 quae
1011 2471 1097 2515 dici
1108 2471 1281 2529 jubent;

163 2592 282 2645 illud
312 2593 456 2646 etiam
479 2593 610 2658 quod
639 2593 833 2657 insignis
864 2591 1276 2657 historiographus
1304 2592 1494 2656 Crispus
1531 2591 1578 2639 in

165 2669 491 2734 conjuratione
525 2671 657 2718 Lucii
685 2670 896 2718 Catilium
925 2670 1165 2733 eleganter
1191 2670 1273 2717 ait.
1301 2689 1325 2712 α
1355 2671 1474 2716 Nam
1508 2685 1580 2714 re-

167 2746 327 2812 gibus,
357 2767 380 2790 »
404 2747 574 2812 inquit,
609 2767 630 2791 «
671 2747 790 2794 boni
814 2762 960 2811 quam
988 2746 1101 2795 mali
1129 2747 1440 2812 suspectiores
1471 2754 1582 2792 sunt

166 2841 368 2890 semper,
394 2840 674 2889 semperque
693 2824 769 2871 his
787 2824 940 2871 aliena
957 2824 1105 2871 virtus
1121 2822 1431 2870 formidolosa
1449 2831 1533 2869 est.
1552 2840 1576 2866 n
