2060 3392
519 333 593 370 356
1076 329 1327 368 APOLOGIA
1345 356 1356 374 ‚

521 440 543 465 «
576 419 703 481 Vidi,
740 440 763 463 ³)
798 419 951 483 inquit
979 428 1169 465 sanctus
1200 416 1309 480 Job,
1341 437 1364 462 α
1392 418 1601 481 gigantes
1624 433 1810 482 gemere
1843 416 1933 467 sub

517 498 669 562 aquis,
701 516 724 542 »
750 497 801 544 id
822 507 892 544 est
910 495 999 544 sub
1023 512 1155 559 cura,
1180 496 1345 544 labore
1366 505 1414 543 et
1431 494 1694 543 innumeris
1713 495 1938 544 sollicitu-

515 574 730 637 dinibus,
763 591 868 643 quae
899 575 1163 622 necessario
1194 574 1434 622 cohaerent
1459 573 1676 637 regimini
1709 582 1757 620 et
1781 572 1935 621 admi-

514 653 779 701 nistrationi
801 651 1092 717 populorum
1113 670 1123 698 :
1152 653 1361 716 gigantes
1385 651 1629 717 appeHans
1656 649 1936 698 sublimatos
2019 672 2022 675 ·

512 730 562 776 in
582 728 906 793 dignitatibus,
927 728 1101 793 quibus
1119 746 1243 777 onus
1263 739 1309 776 et
1331 745 1445 777 cura
1466 727 1753 776 incumbunt
1767 744 1935 792 regen-

512 807 687 855 dorum
709 809 1017 873 populorum.

577 889 678 933 Hoc
703 896 863 934 autem
894 886 1034 933 latius
1065 885 1161 932 hoc.
1187 885 1297 933 loco
1328 885 1595 952 approbare
1628 885 1766 944 velle,
1783 883 1934 949 quod

511 963 727 1011 videlicet
747 963 998 1027 dignitates
1017 963 1356 1028 honorumque
1378 963 1714 1029 temporalium
1731 962 1930 1026 fastigia,

507 1058 591 1088 seu
614 1043 662 1088 in
685 1041 1008 1089 ecclesiasticis
1033 1057 1117 1089 seu
1137 1041 1187 1088 in
1205 1040 1548 1107 temporalibus
1570 1040 1934 1089 administratio·

508 1120 673 1182 nibus,
715 1120 1046 1168 divitiarumve
1086 1131 1134 1168 et
1166 1130 1463 1168 terrenarum
1500 1136 1650 1186 opum
1689 1119 1933 1168 affluentia

507 1207 649 1262 atque
682 1197 978 1245 abundantia
1007 1198 1204 1245 minime
1237 1197 1404 1246 beatos
1436 1197 1668 1257 efficiant,
1706 1212 1932 1262 superva-

507 1292 653 1323 cuum
686 1285 985 1341 reputamus,
1016 1293 1128 1323 cum
1154 1276 1251 1323 hoc
1273 1277 1468 1342 copiose
1490 1285 1538 1323 'et
1564 1266 1933 1323 luculentissime
1971 1275 1973 1277 ’

507 1353 638 1419 apud
673 1352 926 1400 Boethium
959 1353 1264 1419 philosophia
1293 1353 1514 1401 ostendat
1540 1363 1588 1401 et
1610 1353 1928 1409 demonstret,

507 1431 556 1477 in
603 1429 737 1477 libris
783 1432 854 1476 De
906 1431 1234 1478 consolatione
1284 1430 1630 1496 philosophiae3
1686 1429 1933 1493 multoque
1972 1462 1976 1468 -

506 1508 650 1555 etiam
681 1507 868 1572 plenius
901 1517 1043 1572 atque
1075 1508 1270 1556 uberius
1297 1509 1357 1557 de
1385 1509 1554 1556 eadem
1575 1525 1627 1556 re
1647 1506 1933 1574 perpulchre

507 1586 739 1634 disserens
763 1586 988 1650 Poggius,
1016 1597 1179 1634 orator
1203 1587 1484 1634 florentinus
1512 1587 1661 1634 nostri
1686 1585 1928 1651 temporis,

506 1664 555 1710 in
580 1663 706 1711 libro
736 1680 880 1727 quem
909 1663 1058 1711 edidit
1084 1667 1155 1711 De
1186 1664 1456 1712 infelicitate
1483 1663 1773 1729 principum.
1804 1662 1933 1721 Quid

506 1741 637 1787 enim
679 1740 808 1787 aliud
860 1751 1041 1788 canunt
1084 1751 1299 1789 veterum
1343 1741 1621 1807 conscriptae
1664 1739 1928 1804 tragoediae,

506 1818 623 1882 quid
661 1818 872 1866 historiae
889 1856 901 1880 ,
938 1835 1057 1883 quas
1096 1818 1156 1866 de
1196 1819 1447 1866 illustrium
1488 1820 1703 1866 virorum
1745 1815 1932 1865 casibus

507 1897 813 1962 quamplures
833 1906 1014 1944 veteres
1034 1897 1415 1961 recentioresque
1433 1894 1804 1960 historiographi
1817 1910 1932 1942 con-

506 1974 815 2039 scripserunt,
865 1990 1012 2038 quam
1057 1974 1266 2022 infelices
1316 1975 1607 2038 miserosque
1649 1983 1696 2021 et
1732 1972 1932 2021 calami-

508 2060 637 2099 tosos
661 2052 813 2099 exitus
842 2068 1012 2099 eorum
1034 2053 1118 2116 qui
1140 2053 1357 2100 maximis
1380 2052 1640 2117 aliquando
1661 2050 1799 2117 potiti
1821 2060 1931 2098 sunt

502 2130 776 2178 honoribus
791 2130 810 2176 ?

574 2210 642 2256 Ex
676 2209 850 2274 quibus
883 2209 1068 2273 liquido
1100 2219 1147 2256 et
1180 2209 1425 2257 evidenter
1459 2209 1642 2256 cunctis
1683 2209 1842 2274 palam
1878 2207 1931 2256 fit

510 2286 642 2348 quod
679 2288 921 2335 neminem
956 2286 1234 2351 hujusmodi
1267 2287 1479 2335 honores
1508 2297 1649 2351 atque
1679 2285 1930 2349 dignitates

509 2363 704 2412 beatum
725 2365 954 2425 efficiunt,
977 2365 1060 2413 sed
1079 2366 1264 2429 magnis
1284 2366 1441 2431 potius
1458 2382 1628 2413 eorum
1640 2381 1931 2431 possessores

508 2441 756 2506 implicant
779 2453 921 2507 atque
943 2443 1283 2491 molestissimis
1313 2444 1460 2504 curis,
1492 2453 1540 2490 et
1567 2443 1859 2508 frequentius
1878 2442 1928 2491 in

511 2520 742 2570 maximas
760 2521 1055 2570 infelicitates
1077 2532 1125 2569 et
1142 2522 1352 2570 miserias
1373 2521 1649 2570 detrudunt.
