2060 3392
475 312 549 351 358
1031 311 1307 358 nomeu,

473 401 645 450 talibus
666 401 926 460 honorum,
964 399 1249 464 dignitatum
1276 410 1358 448 aut
1390 401 1701 466 imperiorum
1727 401 1894 450 culmi-

469 479 611 528 nibus
630 479 799 543 dejecti
818 478 1027 540 fuerunt,
1055 479 1128 526 vel
1143 478 1322 527 eisdem
1338 489 1508 544 sponte
1529 479 1768 542 cedentes,
1792 496 1895 528 mo-

471 557 767 605 lestissimam
786 555 982 619 regendi
1003 556 1238 604 sarcinam
1261 555 1503 622 deponere
1525 557 1811 619 maluerunt,
1837 574 1893 605 ex

470 633 644 696 talibus
667 633 865 694 eventis,
887 632 1022 698 quod
1050 633 1193 680 tantis
1218 632 1446 680 oneribus
1471 642 1519 680 et
1541 633 1667 680 curis
1689 635 1895 700 exempti

471 711 652 774 forent,
676 711 832 759 felices
855 727 904 759 se
926 727 983 759 ac
1004 709 1172 758 beatos
1201 720 1497 777 reputarunt.
1525 711 1646 759 Hinc
1670 721 1741 759 est
1762 711 1894 776 quod

469 789 668 853 legimus
691 788 950 854 aliquando
979 805 1113 852 reges
1134 805 1190 837 ac
1215 789 1524 854 imperatores
1550 788 1895 855 pontificesque

467 867 700 914 maximos
745 883 802 914 ac
837 867 1156 915 sanctissimos
1195 877 1365 932 sponte
1405 867 1547 915 tantis
1588 867 1896 931 dignitatibus

468 943 676 1004 cessisse,
715 952 763 990 et
786 959 950 991 amore
977 943 1062 991 otii
1093 952 1141 990 et
1166 944 1452 991 suavissimae
1478 944 1896 1010 contemplationis

470 1021 731 1068 solitariam
762 1020 910 1068 vitam
941 1020 1133 1084 elegisse
1147 1056 1161 1082 ,
1198 1038 1319 1086 quo,
1356 1021 1678 1086 tranquillius,
1712 1021 1898 1071 dulcius

466 1109 609 1163 atque
637 1098 841 1162 quietius
863 1099 1073 1146 Domino
1098 1098 1396 1160 famulantes,
1427 1099 1601 1148 arctius
1623 1109 1678 1147 et-
1701 1098 1896 1148 familia·

465 1176 562 1223 rius
584 1175 628 1222 ei
658 1191 744 1240 per
766 1174 1073 1239 purissimum
1102 1192 1318 1223 amorem
1345 1176 1631 1224 inhaererent
1661 1185 1805 1241 atque
1835 1193 1895 1225 eo

464 1253 846 1318 quodammodO,
870 1263 1105 1317 quantum
1126 1253 1227 1301 haec
1255 1254 1515 1302 mortalitas
1548 1250 1742 1319 patitur,
1774 1253 1898 1303 frue-

467 1340 659 1391 rentur;
682 1331 801 1378 alios
820 1346 952 1389 vero,
974 1331 1058 1395 qui
1081 1331 1157 1379 vel
1179 1331 1380 1379 fortunae
1395 1332 1472 1379 vel
1487 1342 1803 1397 tyrannorum
1819 1333 1896 1381 vel

464 1409 788 1472 ingruentium
811 1409 1198 1473 persecutionum
1221 1409 1447 1458 violentia
1475 1409 1538 1458 ab
1565 1410 1776 1476 imperiis
1800 1411 1897 1458 suis

468 1485 544 1533 vel
585 1485 893 1534 ecclesiarum
941 1485 1435 1534 administrationibus
1477 1497 1525 1535 et
1563 1488 1660 1536 suis
1703 1487 1897 1536 sedibus

462 1562 588 1628 pulsi
608 1562 840 1627 ejectique
874 1562 1083 1625 fuerunt,
1110 1564 1227 1611 tales
1249 1580 1386 1612 casus
1413 1581 1514 1611 non
1537 1564 1688 1613 modo
1712 1565 1896 1614 fortiter

465 1649 512 1688 et
530 1641 882 1705 aequanimiter,
908 1657 1075 1688 verum
1095 1641 1240 1689 etiam
1264 1642 1526 1706 gaudenter
1554 1651 1697 1706 atque
1727 1653 1896 1706 gratu-

463 1715 619 1763 lanter
654 1715 902 1780 pertulisse
936 1725 983 1762 et
1017 1715 1191 1763 talibus
1231 1717 1412 1764 eventis
1447 1726 1590 1781 atque
1624 1716 1897 1766 infortuniis

468 1808 569 1839 sese
591 1792 734 1839 etiam
758 1802 1001 1857 reputasse
1026 1792 1201 1840 felices.
1228 1793 1366 1840 Unde
1387 1794 1649 1842 Antiochus
1672 1810 1891 1858 magnus,

466 1886 549 1916 rex
573 1869 706 1930 Asiae,
727 1886 838 1916 cum
854 1886 884 1917 a
903 1870 1129 1918 Romanis
1150 1871 1263 1918 Asiae
1279 1887 1428 1935 regno
1449 1871 1627 1935 ejectus
1641 1881 1689 1919 et
1704 1882 1890 1933 exutus,

464 1947 586 1994 ultra
617 1950 826 1994 Taurum
857 1957 1074 1996 montem
1105 1948 1268 2013 pulsus
1300 1948 1478 2011 fuisset,
1511 1949 1682 2013 legitur
1710 1951 1894 1999 senatui

465 2035 512 2072 et
547 2025 729 2090 populo
758 2041 960 2072 romano
986 2040 1183 2088 magnas
1207 2026 1379 2089 gratias
1404 2027 1551 2089 egisse
1581 2027 1716 2091 quod
1736 2043 1787 2075 se
1813 2029 1895 2076 ni-

465 2102 616 2149 mium
647 2102 742 2149 lata
765 2111 810 2148 et
836 2097 936 2149 tam
960 2102 1161 2149 molesta
1190 2103 1306 2150 Asiae
1335 2104 1675 2169 procuratione
1698 2104 1893 2153 liberas-

466 2188 587 2239 sent,
628 2194 685 2224 ex
717 2178 814 2225 hoc
842 2177 1057 2243 profecto
1089 2195 1190 2226 non
1214 2195 1412 2244 parvam
1438 2180 1528 2228 sibi
1552 2181 1893 2244 quaesitam-re-

465 2267 639 2321 putans
673 2256 960 2304 felicitatem.
989 2256 1132 2314 Quod
1155 2267 1204 2305 et
1231 2258 1311 2305 alii
1342 2258 1649 2323 quamplures
1682 2259 1895 2309 similiter

465 2333 645 2394 secisse,
674 2333 749 2380 vel
767 2342 821 2379 ut
841 2333 1102 2397 aliquando
1121 2334 1314 2399 pondus
1334 2335 1575 2398 regiminis
1590 2352 1760 2383 exuere
1779 2352 1893 2401 pos-

464 2420 590 2471 sent,
627 2410 931 2475 cupidissime
961 2420 1103 2475 atque
1135 2412 1463 2459 ardentissime
1495 2422 1743 2478 exoptasse
1782 2413 1894 2477 legi-

464 2503 594 2546 mus3
619 2485 1032 2550 quemadmodum
1057 2503 1286 2550 magnum
1308 2488 1444 2535 illum
1464 2489 1724 2552 Augustum
1742 2491 1892 2536 Caesa-

465 2579 590 2623 rem,
620 2563 829 2628 primum
865 2566 1179 2626 Augustorum
1208 2574 1373 2628 atque,
1399 2566 1646 2613 communi
1674 2566 1892 2621 omnium

464 2641 826 2702 existimatione,
849 2641 1187 2701 felicissimum,
1213 2642 1521 2691 vehementer
1535 2643 1823 2692 desiderasse
1843 2652 1891 2690 et

465 2719 651 2784 imperii
693 2719 842 2767 fasces
879 2718 1121 2784 deponere
1155 2736 1213 2768 ac
1240 2735 1342 2767 rem
1379 2721 1621 2786 publicam
1648 2721 1890 2768 restituere

466 2796 694 2858 cogitasse
711 2798 892 2844 Seneca
912 2796 1070 2844 refert.
