2060 3392
467 319 519 359 eo
831 311 1175 372 msromAmJM
1204 307 1441 348 Ltmovm1
1468 310 1525 347 xx

467 424 584 456 num
609 404 893 454 Badensium
909 440 922 463 ‚
952 402 1093 448 frater
1107 409 1154 447 et
1175 398 1299 446 filius
1320 397 1529 445 duorum
1549 398 1883 448 marchionum

467 484 550 549 qui
563 482 803 531 novissimi
819 481 1024 538 fuerunt,
1040 487 1087 525 et
1102 487 1296 544 patruus
1318 475 1539 523 moderni
1554 475 1879 525 marchionis'.

469 565 617 609 Porro
650 569 759 607 ante
794 557 1082 623 praemiserat
1105 555 1234 602 idem
1258 555 1516 620 imperator
1541 554 1800 618 quemdam
1820 555 1887 603 vi-

467 656 574 687 rum
614 636 933 684 venerabilem
949 672 961 696 ,
987 633 1324 681 cancellarium
1365 649 1504 680 suum
1519 669 1534 695 ,
1574 632 1882 696 Georgium’,

466 716 742 783 Apostolicae
776 713 901 778 sedis
932 711 1318 777 protonotarium
1333 747 1346 772 ,
1369 710 1451 774 qui
1475 709 1725 774 diligenter
1741 719 1886 774 atque

466 792 692 855 sagaciter
714 789 980 855 exploraret
996 804 1059 835 an
1075 804 1150 835 res
1167 786 1231 835 ad
1251 786 1567 834 intentionem
1592 803 1727 835 suam
1747 785 1887 855 perfi-

466 870 686 917 ciendam
700 868 935 933 dispositae
945 866 1122 926 forent,
1150 866 1215 912 ita
1236 874 1290 911 ut
1308 881 1407 911 non
1425 865 1629 912 inaniter
1638 875 1686 912 et
1706 864 1885 912 infruc-

464 957 598 994 tuose
620 956 719 994 tam
737 944 960 992 solemnis
976 943 1149 1007 legatio
1174 942 1406 989 mittenda
1426 958 1515 1007 pro
1529 958 1579 989 re
1600 951 1731 990 tanta
1758 942 1886 989 vide-

465 1034 610 1071 retur.
635 1026 796 1085 Longe
821 1021 1036 1087 profecto
1074 1019 1298 1067 differens
1316 1029 1415 1067 erat
1440 1019 1502 1067 ab
1529 1035 1587 1067 ea
1610 1036 1756 1084 quam
1773 1019 1854 1067 rex
1869 1057 1881 1078 ‚

468 1102 535 1147 uti
556 1100 777 1160 diximus,
800 1099 946 1165 paulo
964 1108 1073 1145 ante
1093 1098 1282 1145 miserat
1297 1135 1309 1158 ,
1326 1097 1409 1160 qui
1430 1113 1569 1162 suum
1586 1096 1886 1145 barbitonso—

465 1197 566 1227 rem
609 1196 698 1245 pro
727 1195 779 1226 re
811 1179 928 1226 tanti
970 1177 1201 1225 momenti
1238 1176 1446 1239 legatum
1493 1176 1684 1223 miserat
1699 1212 1712 1234 ‚
1756 1176 1883 1236 talis,

464 1257 653 1322 qualem
688 1256 916 1314 diximus,
960 1255 1267 1318 cognomenti
1308 1253 1446 1301 titulo
1490 1269 1577 1318 pro
1621 1255 1718 1302 suis
1749 1253 1891 1302 claris

465 1335 644 1382 meritis
674 1334 966 1397 insignitum.

531 1415 692 1475 ltaque
708 1428 819 1458 cum
836 1410 1167 1474 cognovissent
1182 1407 1361 1474 praefati
1382 1408 1522 1471 legati
1539 1407 1656 1472 quid
1674 1424 1760 1474 per
1776 1424 1890 1474 prae-

465 1489 613 1536 fatum
635 1489 886 1536 dominum
908 1487 1167 1549 Georgium
1193 1501 1334 1550 super
1367 1502 1434 1544 re,
1470 1502 1559 1551 pro
1583 1502 1678 1550 qua
1704 1486 1890 1551 profec-

466 1567 558 1614 turi
581 1576 732 1625 erant,
756 1566 907 1613 fuerat
928 1573 1262 1631 praeparatum,
1283 1580 1392 1611 eum
1415 1581 1499 1629 spe
1516 1563 1648 1612 bon'a
1670 1565 1890 1630 potiundi

467 1646 639 1710 optatis
661 1654 708 1692 et
724 1644 894 1708 cupitis
912 1643 1210 1707 praesentiam
1233 1642 1379 1706 ipsius
1396 1642 1686 1706 principissae
1711 1653 1892 1692 mature

466 1722 719 1786 petierunt.
747 1722 834 1767 Cui
861 1736 993 1778 cum,
1022 1735 1185 1766 coram
1207 1720 1320 1778 suis,
1346 1720 1672 1784 exposuissent
1693 1720 1894 1784 qualiter

468 1799 591 1845 inter
614 1797 979 1844 illustrissimum
994 1797 1283 1862 praedictum
1314 1797 1675 1861 imperatorem,
1707 1807 1893 1863 patrem

470 1876 553 1924 filii
578 1877 706 1923 unici
733 1875 1038 1923 Maximiliani
1053 1912 1065 1935 ,
1092 1885 1140 1922 et
1170 1875 1340 1921 inclitae
1373 1875 1716 1924 recordationis
1746 1879 1892 1925 Caro-

470 1955 594 2014 lum,
617 1954 789 2001 ducem
814 1970 966 2018 nuper
987 1952 1290 2010 defunctum,
1319 1954 1581 2015 genitorem
1602 1955 1748 2020 ipsius
1767 1956 1896 2020 prin-

473 2032 673 2096 cipissae,
706 2031 1044 2096 promissiones
1074 2040 1216 2094 atque
1251 2031 1532 2095 sponsiones
1557 2030 1751 2080 firmatae
1779 2032 1894 2080 fuis-

473 2119 578 2156 sent
602 2109 661 2155 de
683 2106 957 2172 copulando
978 2108 1101 2153 inter
1121 2117 1170 2153 se
1191 2107 1415 2170 conjugio
1445 2108 1639 2155 eosdem
1665 2109 1892 2157 illustrem

474 2184 845 2233 Maximilianum
877 2194 1018 2249 atque
1051 2184 1203 2248 ipsam
1241 2185 1591 2251 principissam,
1633 2185 1692 2233 de
1724 2185 1894 2251 hisque

526 2315 565 2351 1.
599 2313 767 2362 Georges
791 2309 839 2348 de
867 2309 990 2356 Bade,
1018 2309 1166 2361 (aveque
1190 2310 1238 2348 de
1259 2313 1380 2358 Metz‚
1410 2309 1500 2349 etait
1526 2311 1585 2349 fils
1610 2311 1663 2350 du
1694 2316 1895 2366 margi-ave

472 2379 636 2426 Jacques
650 2402 660 2420 ,
691 2380 791 2410 mort
818 2384 866 2409 en
892 2372 1018 2419 1453,
1041 2380 1079 2409 et
1103 2372 1203 2410 frere
1226 2372 1278 2411 du
1303 2386 1503 2425 margrave
1525 2373 1700 2423 Charles,
1719 2382 1822 2415 mort
1845 2381 1894 2415 en

475 2437 594 2475 1475.
616 2438 670 2474 Le
689 2447 890 2486 margrave
907 2434 1046 2482 actuel,
1068 2447 1138 2472 son
1156 2447 1297 2485 neveu,
1318 2435 1408 2474 &tait
1427 2435 1676 2488 christophe,
1695 2437 1762 2489 qui
1779 2439 1895 2478 νόσοι

470 2498 650 2550 Jusqu'en
674 2499 793 2536 1527.

528 2563 567 2600 2.
597 2561 629 2600 Il
649 2570 706 2600 est
723 2560 878 2599 nomme
895 2560 1020 2599 Jooris
1042 2560 1090 2599 de
1108 2562 1326 2600 Herstelere
1343 2562 1438 2601 dans
1457 2563 1493 2601 la
1511 2563 1658 2603 minute
1675 2563 1727 2603 du
1745 2574 1896 2605 contrat

474 2623 521 2661 de
548 2623 715 2675 mariage
734 2622 782 2660 de
802 2623 839 2661 la
859 2621 1045 2661 duchesse
1061 2652 1071 2670 ,
1100 2623 1165 2674 qui
1185 2633 1242 2662 est
1260 2637 1337 2662 aux
1357 2625 1541 2664 Archives
1567 2627 1820 2678 provinciales
1847 2628 1896 2667 de

474 2688 509 2724 la
540 2686 703 2724 Flandre
730 2685 979 2724 occidentale.
1010 2687 1225 2737 Chronique
1248 2689 1315 2725 des
1338 2690 1433 2738 faits
1458 2699 1494 2726 et
1520 2699 1639 2740 gestes·
1665 2691 1895 2730 admirables

474 2751 522 2785 de
540 2748 786 2786 Maximilien
806 2750 841 2795 I,
862 2747 1066 2785 translatee
1085 2747 1133 2786 de
1150 2748 1316 2787 flamand
1336 2763 1384 2789 en
1407 2751 1570 2802 francais
1589 2764 1659 2803 par
1677 2753 1762 2791 Oct.
1786 2753 1896 2792 Dele-

473 2811 597 2863 pierre
618 2810 862 2860 (Bruxelles‚
886 2811 1018 2861 1839),
1041 2823 1080 2862 p.
1103 2812 1194 2850 449.
