2060 3392
677 271 824 309 LIBER
856 270 1057 309 SEXTUS.
1527 272 1576 306 03

167 358 399 409 muliebr-i-
409 359 584 407 amictu
603 357 832 422 fingentes
854 356 1051 421 quidam
1068 374 1126 405 ex
1146 357 1258 423 ipsis
1282 357 1486 406 rutheris
1508 376 1575 420 se,

167 439 238 488 uti
259 439 462 488 soeminae
479 438 683 487 assolent
696 474 709 499 ,
734 436 795 484 ad
814 437 1048 502 oppidum
1072 453 1128 485 ex
1150 437 1317 484 vicinis
1337 437 1461 501 agris
1488 454 1580 485 ova

166 527 217 566 et
233 517 470 567 lacticinia
489 515 730 576 invehere,
770 525 958 580 portam
981 514 1147 580 oppidi
1183 524 1488 580 occupantes,
1530 517 1578 562 in

166 594 402 661 oppidum
434 595 728 660 irruperunt,
764 593 987 657 oeesisque
1024 593 1267 641 nonnullis
1308 609 1367 641 ex
1399 593 1582 641 civibus

163 670 308 720 etiam
347 672 473 720 intra
507 669 752 719 basilicam
787 669 1000 734 ejusdem
1036 670 1231 736 oppidi,
1274 671 1432 736 ipsum
1466 671 1582 718 diri-

165 747 498 815 pueanSed
514 764 626 796 cum
644 747 872 795 sentirent
884 746 1314 795 Amsterdamenses
1331 747 1581 796 confestim

164 826 350 891 magnis
378 842 491 874 cum
513 835 805 874 armatorum
828 825 978 890 copiis
1002 825 1189 888 navigio
1207 824 1486 887 adventare,
1510 843 1582 873 re-

162 901 277 951 licto
297 903 479 969 oppido
519 902 662 950 bonis
697 902 924 967 spoliato,
949 919 1062 949 cum
1091 902 1267 967 praeda,
1306 903 1496 967 qualem
1518 903 1580 951 ad

163 994 363 1028 manum
384 977 742 1046 apprehendere
769 988 1039 1044 potuerant,
1061 977 1371 1043 pluribusque
1393 995 1449 1026 ex
1471 980 1581 1028 civi-

162 1055 257 1105 bus
291 1056 511 1107 abductis
552 1057 766 1124 captivis,
803 1057 1068 1120 Trajectum
1105 1057 1259 1103 statim
1289 1067 1574 1105 remearunt.

164 1137 262 1184 Nec
298 1144 458 1185 tamen
483 1151 566 1183 eos
598 1135 855 1198 omniaque
868 1170 882 1195 ,
930 1151 1034 1199 quae
1064 1144 1371 1199 acceperant,
1397 1133 1580 1183 deferre

163 1222 448 1279 potuerunt,
473 1212 558 1261 sed
581 1213 787 1278 plurima
804 1228 891 1278 per
927 1228 1066 1276 agros
1103 1221 1151 1259 et
1188 1211 1357 1260 itinera
1379 1213 1579 1277 sparsim

163 1290 376 1356 proiecta
395 1289 690 1351 effuderunt3
713 1306 826 1338 nam
849 1289 963 1337 dicti
987 1288 1434 1352 Amsterdamenses‚
1467 1307 1578 1338 cum

163 1367 267 1416 aliis
283 1368 452 1417 vicinis
478 1385 535 1416 ex
562 1367 846 1428 Hollandia‚
868 1384 951 1416 eos
973 1384 1083 1415 cum
1104 1383 1280 1431 magno
1320 1367 1576 1416 ulciscendi

162 1445 400 1494 desiderio
414 1445 803 1511 insequebantur

228 1527 286 1572 Et
304 1523 406 1572 haec
430 1541 504 1573 res
524 1524 776 1573 adversum
798 1524 1153 1588 'lrajectenses
1140 1541 1190 1571 m
1226 1524 1392 1572 odium
1416 1533 1464 1571 et
1491 1525 1578 1571 ini·

162 1600 362 1650 micitias
383 1603 585 1667 graviter
604 1612 754 1650 totam
778 1601 1082 1650 Hollandiam
1111 1602 1382 1650 concitavit.
1409 1602 1572 1663 Unde,

163 1693 264 1726 non
288 1679 439 1727 multo
455 1689 564 1746 post
577 1718 590 1742 ,
616 1680 755 1728 exciti
776 1679 838 1728 ad
852 1678 1131 1741 vindictam,
1152 1680 1352 1727 collecto
1369 1681 1577 1728 exercitu

161 1772 220 1803 ex
241 1757 431 1822 oppidis
460 1759 556 1805 suis
576 1757 877 1806 Hollandrini
897 1767 1153 1819 venerunt,
1183 1757 1382 1805 ductore
1407 1774 1575 1806 eorum

161 1832 286 1881 vices
304 1835 530 1900 principis
563 1845 778 1898 gerente,
813 1834 1130 1898 gubernatore
1167 1834 1455 1898 Hollandiae,
1480 1835 1575 1883 do-

162 1910 295 1957 mino
316 1910 500 1958 Judoco
526 1911 588 1959 de
605 1911 830 1978 Lalaing,
858 1912 1188 1960 Hannoniensi
1200 1915 1230 1974 ¹,
1255 1911 1318 1960 ab
1349 1912 1575 1961 obsiden-

161 1986 279 2035 dum
303 1988 562 2052 quamdam
583 1989 751 2037 turrim
789 2006 872 2037 seu
899 1988 1176 2051 hastiliam’,
1217 2005 1363 2053 quam
1393 1991 1575 2055 Trajec-

160 2073 315 2114 tenses
331 2065 382 2113 in
405 2065 533 2128 loco,
546 2065 675 2114 unde
686 2067 871 2115 canale'
892 2066 1023 2131 quod
1049 2066 1313 2131 Trajectum
1345 2068 1570 2133 perfluit⁴‚

212 2166 253 2204 1.
282 2168 417 2205 Joosse
434 2165 631 2205 de‘Lalain
646 2195 657 2214 ,
678 2166 855 2219 seigneur
875 2166 924 2205 de
942 2167 1156 2220 Monn‘gny‚
1175 2168 1256 2207 l’un
1277 2167 1343 2207 des
1360 2168 1502 2208 barons
1522 2170 1574 2209 du

159 2226 350 2276 minant,
390 2242 635 2281 gouverneur
668 2243 719 2268 ou
757 2229 980 2270 stathouder
1015 2231 1064 2270 de
1096 2231 1310 2279 Hollande,
1339 2232 1504 2271 zelanda
1537 2243 1573 2271 et

159 2289 284 2338 Frise,
299 2304 399 2343 pour
418 2291 666 2331 Maximilien.

213 2353 254 2393 2.
283 2355 335 2393 Ge
354 2354 431 2393 lieu
450 2363 507 2394 est
525 2355 661 2407 appele
680 2357 818 2392 Wacrt
834 2354 928 2393 dans
956 2356 992 2394 le
1017 2355 1117 2394 titre.
1148 2356 1347 2395 Matthaeus
1372 2369 1396 2395 a
1425 2357 1573 2409 corrige

161 2417 389 2466 Vreesvyclc5
408 2417 503 2455 mais
520 2417 547 2455 il
565 2429 588 2455 a
605 2417 716 2455 laisse
734 2416 917 2455 subsister
941 2420 1077 2457 Waert
1105 2417 1200 2456 dans
1218 2418 1255 2457 le
1274 2427 1378 2457 texte
1402 2418 1455 2457 du
1481 2418 1571 2457 cha-

161 2475 258 2528 piu-e
275 2478 440 2517 suivant.
466 2493 485 2516 ‹
496 2481 551 2517 Le
564 2481 673 2517 Wert
694 2495 732 2525 ι,
755 2478 810 2517 dit
828 2478 986 2518 Molinet
1006 2496 1025 2515 ι
1040 2493 1093 2518 un
1111 2493 1199 2532 gros
1217 2479 1433 2532 sauxbourg
1451 2489 1573 2519 estant

161 2537 301 2579 devant
326 2540 364 2579 la
382 2540 493 2588 ville,
526 2541 678 2579 fortiffie
703 2543 725 2579 a
746 2541 784 2579 la
812 2541 926 2580 mode
952 2541 1234 2594 d’Mlemagne,
1265 2544 1316 2580 οὺ
1336 2542 1362 2580 il
1379 2557 1406 2593 y
1430 2551 1494 2581 eut
1520 2543 1570 2580 ri—

160 2601 264 2640 viere
294 2611 332 2641 et
359 2611 455 2655 pont
478 2603 526 2641 de
548 2602 717 2641 deffense
742 2603 818 2641 fort
836 2605 859 2641 ὲ
879 2603 1113 2652 merveilles,
1136 2612 1173 2642 et
1190 2604 1256 2655 qui
1278 2602 1455 2643 sembloit
1474 2613 1572 2642 esu-e

159 2664 267 2715 quasi
284 2663 534 2716 imprenable.
555 2681 574 2699 ι
598 2667 642 2706 Τ.
664 2667 722 2712 11,
746 2664 859 2717 chap.
881 2678 988 2704 xcvr.

214 2726 252 2763 3.
282 2725 542 2777 Loekendyck.

214 2788 252 2830 4.
282 2789 454 2836 Praefiuit
468 2787 562 2826 dans
580 2787 616 2825 le
634 2801 705 2827 ms.
727 2787 927 2826 Matthaeus
942 2794 1165 2838 pertransit.
