2060 3392
736 304 883 342 mmm
909 304 1109 342 PRIMUS.
1562 305 1641 342 265

223 389 319 438 fide
363 391 440 455 agi
477 401 525 439 et
568 408 668 438 non
713 391 936 438 insidiose
987 391 1062 439 vel
1112 391 1278 439 dolose
1323 392 1642 441 existimantes

226 469 653 534 (quemadmodum
687 478 735 516 et
775 469 1078 531 autumabat,
1118 479 1167 516 et
1197 469 1473 517 confidebat
1513 470 1640 518 idem

223 546 559 595 illustrissimus
595 547 691 595 dux
739 546 1045 612 Normaniae),
1091 563 1202 595 cum
1245 563 1305 596 eo
1339 549 1637 596 accessimus·

225 623 343 686 Ubi,
377 641 490 672 cum
524 634 699 672 statuto
733 624 812 672 die
832 624 929 672 illic
946 641 1037 672 nec
1069 624 1166 672 dux
1189 625 1418 674 Borbonii
1431 665 1444 687 ,
1475 643 1565 674 nec
1583 644 1642 674 ex

223 701 320 748 suis
351 701 542 765 collegis
573 701 743 766 aliquis
778 711 1136 767 comparerent,
1179 718 1270 750 nec
1316 703 1462 750 etiam
1498 704 1643 766 altera

223 777 320 839 die,
334 795 458 843 quos
476 788 637 827 tamen
654 780 755 843 jam
777 795 866 845 per
885 779 1046 845 plures
1059 778 1164 827 dies
1183 789 1294 828 ante
1313 779 1454 828 fuisse
1475 782 1644 829 Drocis

222 855 488 904 sciebamus
510 856 664 922 (quod
683 867 755 904 est
778 857 1012 923 oppidum
1043 872 1073 905 a
1102 858 1383 906 Loco-Veris
1411 859 1536 906 ultra
1555 860 1645 906 iter

223 932 320 981 diei
339 935 486 982 *unius
518 951 619 982 non
659 934 935 999 remotum),
970 936 1203 1000 coepimus
1240 935 1547 983 vehementer
1583 936 1645 984 de

222 1011 406 1059 insidiis
424 1022 472 1060 et
491 1012 671 1060 dolosis
679 1013 964 1060 commentis
978 1014 1206 1080 suspicari
1221 1024 1270 1062 et
1282 1015 1512 1079 ancipites
1523 1032 1639 1063 esse.

288 1090 386 1138 Rex
426 1100 531 1137 mm
565 1091 760 1139 Carnoti
789 1100 892 1138 erat
926 1108 1038 1138 cum
1079 1092 1266 1155 magnis
1303 1093 1453 1157 copiis
1472 1131 1484 1154 ,
1528 1109 1646 1157 quas

223 1167 367 1216 etiam
405 1184 463 1215 ex
505 1169 647 1216 variis
684 1168 804 1217 locis
838 1168 1178 1234 undecumque
1201 1179 1414 1235 poterat,
1453 1171 1503 1217 in
1544 1170 1646 1218 dies

223 1243 538 1293 contrahebat
570 1255 618 1293 et
648 1245 868 1310 augebat.
893 1248 1016 1294 Cum
1045 1248 1230 1311 itaque,
1268 1247 1564 1313 opperiendo
1599 1258 1646 1295 et

224 1321 540 1385 praestolando
577 1322 713 1371 dictae
740 1323 990 1388 legationis
1010 1325 1150 1388 regiae
1174 1324 1436 1373 adventum
1450 1363 1463 1386 ,
1490 1327 1538 1372 in
1568 1343 1647 1373 eo·

224 1399 336 1448 dem
355 1401 466 1449 loco
489 1411 583 1450 tres
602 1401 705 1450 dies
725 1402 1095 1465 dett-ivissemus,
1127 1404 1360 1470 coepimus
1380 1402 1441 1451 de
1464 1421 1521 1452 ea
1543 1421 1645 1468 qua

224 1476 404 1526 detenti
418 1479 657 1527 fileramus
686 1481 956 1546 suspicione
977 1490 1120 1546 atque
1144 1480 1388 1547 ancipitiO,
1413 1483 1646 1548 patefacta

223 1565 273 1602 et
290 1556 343 1605 in
364 1555 523 1604 lucem
545 1556 739 1622 prodita
770 1559 994 1620 veritate,
1017 1558 1243 1606 certiores
1262 1557 1418 1606 reddi.
1444 1562 1564 1607 Nam
1583 1561 1646 1608 ad

224 1649 314 1681 nos
346 1633 429 1683 illo
466 1650 526 1682 ex
558 1633 775 1684 Ebroicis
809 1636 997 1686 civitate
1013 1673 1028 1698 ,
1063 1636 1276 1701 quinque
1306 1653 1406 1683 non
1442 1639 1647 1702 amplius

222 1710 370 1760 leucis
395 1722 581 1760 remota
620 1723 763 1777 atque
799 1712 1028 1775 distante,
1062 1714 1383 1761 adventarunt
1411 1715 1527 1762 certi
1558 1732 1647 1762 no-

223 1785 345 1835 biles
359 1799 530 1836 nostrae
540 1788 774 1851 dioecesis,
795 1790 938 1839 nobis
959 1790 1210 1838 familiares
1230 1800 1373 1855 atque
1391 1792 1643 1854 notissimi,

226 1864 311 1929 qui
361 1865 503 1913 nobis
553 1866 818 1915 retulerunt
861 1869 1076 1933 qualiter.
1107 1868 1330 1916 hesterna
1379 1867 1458 1915 die
1474 1906 1487 1930 ,
1535 1886 1647 1917 cum

226 1941 290 1989 ad
331 1959 438 1991 eam
478 1944 716 1992 civitatem
751 1948 1020 1994 accessisset
1065 1944 1162 1993 dux
1200 1945 1429 1993 Borbonii
1443 1984 1455 2007 ,
1511 1948 1647 2011 quasi

227 2021 476 2068 transitum
501 2011 587 2086 per
610 2039 717 2070 eam
737 2023 861 2087 (erat
882 2024 1012 2071 enim
1035 2025 1126 2072 iter
1148 2034 1332 2072 rectum
1355 2023 1419 2071 ad
1442 2026 1645 2071 Locum-

230 2097 396 2160 Veris),
421 2099 491 2146 uti
514 2099 793 2147 condictum
811 2099 990 2163 fuerat,
1016 2101 1224 2149 facturus
1238 2137 1253 2159 ,
1276 2110 1346 2162 et,
1374 2117 1432 2148 ex
1456 2101 1647 2165 speciali

227 2175 454 2223 mandato
486 2177 610 2225 facto
639 2178 889 2243 capitaneo
922 2179 1149 2228 civitatis¹
1170 2189 1219 2227 et
1237 2179 1333 2227 loci
1356 2178 1541 2226 civibus
1562 2197 1648 2244 per

227 2253 399 2301 ducem
425 2256 726 2304 Normanniae
741 2293 755 2317 ,
792 2266 919 2305 totus
949 2257 1104 2305 clerus
1138 2267 1187 2305 et
1213 2257 1420 2323 populus
1448 2258 1648 2305 civitatis

227 2333 637 2395 processionaliter
658 2351 771 2381 cum
805 2334 1052 2393 crucibus,
1084 2336 1228 2383 sacris
1252 2335 1462 2399 reliquiis
1492 2346 1540 2382 et
1566 2353 1645 2382 ve-

228 2407 348 2456 xillis
379 2410 427 2457 in
450 2410 643 2459 obviam
666 2411 824 2460 eidem
851 2413 963 2460 duci
987 2412 1215 2462 Borbonii
1234 2413 1485 2462 exivissent
1501 2449 1515 2471 ,
1547 2430 1645 2460 non

229 2485 388 2533 minus
419 2488 576 2536 eidem
615 2490 862 2553 gestientes
902 2491 1218 2539 reverentiam
1258 2499 1401 2555 atque
1436 2490 1648 2537 honores

229 2561 452 2610 exhibere
482 2581 630 2628 quam
656 2584 745 2615 suo
773 2567 884 2615 duci
910 2567 1092 2616 deferre
1117 2569 1384 2633 potuissent
1406 2568 1498 2630 (ita
1519 2567 1647 2613 enim

230 2646 283 2683 ut
315 2638 416 2686 haec
461 2641 693 2704 facerent,
742 2654 796 2692 ut
834 2645 1062 2703 diximus,
1107 2654 1389 2710 acceperant
1422 2645 1471 2691 in
1511 2660 1645 2690 man-

285 2746 302 2781 ¹
314 2771 324 2781 .
354 2743 488 2782 C'etait
503 2746 599 2782 Jean
619 2744 668 2783 de
688 2746 894 2790 Lorraine,
913 2755 1039 2785 comte
1064 2746 1112 2783 de
1136 2749 1343 2791 naroourt,
1359 2744 1427 2795 qui
1446 2756 1647 2781 comman-

231 2806 309 2844 dait
326 2806 428 2845 alors
447 2808 469 2844 a
489 2802 657 2845 Evreux.
