2060 3392
687 310 832 346 LIBER
858 307 1110 352 SEPTIMUS.
1530 310 1606 347 145

190 406 458 458 servarant,
492 396 611 443 illud
633 412 663 444 a
688 406 903 462 tempore
935 395 1193 442 inchoatae¹
1218 393 1462 442 seditionis
1492 412 1606 443 con-

191 483 515 540 sumpserant,
541 474 683 522 etiam
706 483 908 538 egestate
936 471 1238 520 laborabant.
1269 471 1407 519 Unde
1435 474 1606 521 morie-

190 550 368 599 bantur
382 550 537 610 multi,
555 559 603 597 et
620 559 721 598 erat
737 549 915 613 ubique
931 548 1306 596 mendicantium
1329 548 1607 602 miserabilis

191 629 390 693 ejulatus
414 638 462 676 et
486 629 701 692 gemitus.

259 706 349 754 {llis
369 705 564 771 quidem
583 705 772 753 duobus
790 705 927 753 annis
944 742 956 764 ,
986 704 1162 769 quibus
1183 704 1262 752 illa
1283 703 1450 752 seditio
1475 704 1607 757 effer-

191 783 297 837 buit
317 793 366 831 et
393 783 580 831 duravit
595 820 608 843 ,
644 793 744 831 erat
766 782 944 848 ubique
975 799 1109 848 paene
1127 799 1214 847 per
1235 783 1397 830 Galliae
1423 793 1469 830 et
1488 786 1606 831 Ger-

192 861 360 909 maniae
383 871 532 909 terras
561 861 778 908 sterilitas
805 870 852 908 et
881 861 1066 908 caristia
1103 876 1276 923 magna
1302 861 1603 919 victualium,

192 939 257 987 ita
277 931 332 986 ut
352 955 486 1004 paene
513 938 692 1003 ubique
708 974 721 998 ,
750 939 892 986 etiam
915 955 1000 1003 per
1021 937 1196 985 Gallias
1214 974 1226 997 ,
1250 947 1382 1002 peste
1404 955 1460 984 ex
1486 937 1609 985 same

190 1025 435 1064 contracta
450 1052 463 1076 ,
490 1017 685 1082 plurimi
705 1026 1021 1063 morerentur.
1055 1015 1147 1062 Sed
1167 1015 1363 1079 Trajecti
1392 1015 1493 1062 haec
1529 1032 1609 1063 ca·

190 1093 376 1142 lamitas
398 1094 745 1158 geminabatur,
771 1111 883 1141 cum
905 1110 963 1141 ex
986 1093 1107 1156 agris
1125 1093 1244 1152 suis,
1270 1093 1353 1156 qui
1376 1092 1541 1140 inculti
1563 1103 1611 1141 et

190 1171 402 1220 sentibus
424 1171 566 1219 obsiti
579 1171 804 1236 jacebant
820 1207 832 1230 ,
860 1170 979 1217 nihil
997 1187 1191 1235 prorsus
1212 1170 1511 1235 perciperent
1523 1206 1545 1230 ,.
1564 1180 1612 1218 et

193 1250 330 1296 tertio
345 1251 361 1274 ²
399 1249 598 1296 denario
638 1259 720 1296 aut
751 1249 908 1296 etiam
951 1247 1202 1296 medietate
1241 1258 1414 1296 cuncta
1454 1248 1611 1295 carius

191 1342 350 1374 emere
375 1343 566 1375 necesse
590 1326 848 1384 haberent,
877 1342 1023 1390 quam
1044 1325 1093 1372 in
1116 1326 1183 1372 eis
1207 1325 1326 1373 locis
1347 1325 1611 1373 venderen-

191 1412 269 1450 tur
292 1403 421 1451 unde
447 1421 504 1452 ea
535 1403 708 1451 advehi
738 1404 799 1451 ad
828 1420 911 1451 eos
941 1401 1208 1468 oportebat.
1235 1403 1329 1450 Sed
1359 1413 1407 1451 et
1438 1403 1612 1450 nihilo·

190 1482 349 1529 minus
370 1482 465 1529 illic
492 1481 621 1530 unde
648 1480 1009 1530 advehebantur
1037 1481 1160 1528 ultra
1187 1481 1403 1542 solitum,
1447 1498 1612 1546 quem-

190 1559 454 1608 admodum
493 1570 540 1607 et
573 1560 623 1607 in
655 1561 790 1607 omni
818 1560 944 1607 circa
968 1559 1188 1623 regione,
1220 1559 1406 1607 caristia
1440 1576 1612 1624 magna

191 1636 468 1684 victualium
489 1647 605 1685 erat.

257 1715 415 1772 Quam
433 1714 750 1762 miserabilem
772 1714 1088 1762 calamitatem
1110 1713 1307 1777 quidam
1325 1730 1380 1761 ex
1399 1714 1608 1775 civibus,

193 1790 275 1853 qui
296 1792 538 1839 validioris
559 1792 707 1840 animi
743 1801 884 1855 atque
909 1790 1117 1838 audaciae
1138 1800 1298 1851 erant,
1332 1791 1456 1837 ultra
1491 1791 1611 1845 serre

193 1884 293 1915 non
327 1869 559 1928 valentes,
595 1870 717 1916 inter
757 1885 806 1915 se
839 1868 979 1932 pauci
1018 1877 1134 1914 tunc
1164 1867 1385 1914 dixerunt
1426 1879 1609 1917 secreto

193 1946 326 2009 quod
344 1982 356 2005 ,
383 1946 422 1994 si
445 1946 607 2011 aliquo
631 1946 707 1993 die
741 1945 920 1992 rutheri
954 1945 1192 1992 civitatem
1216 1946 1425 2006 exirent,
1454 1947 1491 1993 si
1515 1963 1610 2010 qua

192 2023 270 2069 via
287 2032 480 2087 possent
494 2059 506 2082 ,
534 2039 563 2070 a
581 2023 676 2071 suis
698 2021 961 2070 cervicibus
983 2021 1284 2086 tyrannicum
1304 2022 1421 2069 illud
1440 2023 1608 2087 jugum

193 2109 467 2148 excuterent
494 2111 540 2148 et
576 2117 675 2148 sese
706 2117 762 2148 ac
799 2100 1035 2147 civitatem
1070 2100 1120 2146 in
1158 2099 1426 2147 libertatem
1458 2101 1612 2149 vindi-

193 2187 371 2225 carent.
395 2177 719 2243 Explorabant
740 2178 898 2242 itaque
929 2187 976 2224 et
1006 2177 1145 2225 tacite
1170 2176 1542 2242 opperiebantur
1572 2179 1611 2227 si

194 2255 388 2319 quando
410 2255 532 2304 hora
560 2265 834 2321 opportuna
856 2271 904 2302 se
931 2254 1148 2314 offerret,
1181 2270 1278 2318 qua
1308 2255 1380 2302 sui
1411 2255 1534 2302 inter
1561 2273 1610 2304 se

194 2333 354 2398 placiti
373 2345 422 2382 et
442 2336 651 2383 condicti
673 2335 1026 2382 exsecutionem
1048 2332 1274 2398 perficere
1297 2344 1505 2398 possent.

261 2412 468 2475 Contigit
490 2422 649 2460 autem
670 2422 724 2460 ut
747 2413 823 2459 die
847 2411 1022 2459 mensis
1049 2410 1209 2476 aprilis
1232 2427 1338 2467 xxx,
1368 2422 1477 2475 post
1504 2428 1610 2476 pas-

196 2485 288 2533 cha
330 2502 458 2535 anno
501 2490 696 2537 Domini
740 2504 1062 2538 mccccnxxxm
1082 2525 1094 2548 ,
1150 2487 1338 2551 tyranni
1375 2488 1573 2536 civitatis
1596 2526 1608 2548 ,

197 2561 391 2610 absente
413 2574 527 2612 tunc
546 2566 676 2614 idolo
701 2584 806 2623 suo,
826 2565 1080 2614 domicello
1103 2563 1422 2627 Englielberto
1439 2565 1498 2613 de
1523 2566 1614 2612 Cli-

199 2641 291 2702 vis,
319 2641 401 2704 qui
426 2641 491 2689 ob
521 2644 754 2692 nonnulla
781 2660 866 2691 sua
891 2643 1079 2708 negotia
1100 2658 1129 2690 a
1155 2643 1340 2691 civitate
1363 2659 1412 2690 se
1440 2642 1611 2690 absen-

257 2755 291 2790 1.
321 2755 392 2792 Ms.
416 2754 625 2794 inchoante.
646 2755 844 2794 Matthaeus
864 2757 1085 2795 inchoantis.

250 2815 290 2852 2,
320 2814 519 2853 Matthaeus
539 2817 739 2866 trigesimo.

332 2889 381 2914 111
1377 2881 1426 2916 10
