2060 3392
531 281 580 317 72
893 279 1235 317 HISTORIARUM
1263 280 1500 318 LUDOVICI
1527 282 1583 318 xl

529 367 702 416 trolabi
734 377 780 414 et
814 367 998 414 cadere.
1026 369 1136 424 Quo
1159 368 1262 433 ipsa
1288 384 1400 416 casu
1431 370 1635 418 contrita
1665 379 1712 418 et
1746 371 1946 435 graviter

529 460 754 511 oppressa
771 482 783 505 ‚
828 453 971 507 atque
1004 444 1068 491 ad
1101 443 1302 492 domum
1342 460 1478 494 suam
1513 445 1686 494 debilis
1722 447 1943 508 reducta,

526 521 649 570 infra
665 538 846 588 paucos
863 520 964 568 dies
981 523 1129 586 post¹‚
1151 538 1208 569 ex
1223 522 1315 570 hac
1334 523 1602 572 transitoria
1622 524 1734 585 vita,
1757 525 1947 574 incertis

527 616 712 665 semper
732 608 779 645 et
803 597 1024 663 periculis
1044 607 1092 645 et
1115 597 1302 646 casibus
1330 599 1473 665 plena
1486 638 1498 662 ‚
1524 601 1742 665 migravit
1763 601 1825 650 ad
1845 605 1945 650 Do-

526 677 711 724 minum
726 678 755 722 ².
1188 734 1192 737 ἱ

591 757 731 813 Erat,
768 770 855 818 pro
887 763 1019 802 aetate
1060 764 1107 801 et
1144 770 1281 802 sexus
1310 755 1614 816 conditione,
1650 755 1865 822 prudens
1896 745 1946 806 et

524 832 649 883 bene
671 844 855 882 morata
871 872 884 896 ‚
907 834 1002 882 fide
1029 850 1085 882 ac
1115 835 1195 900 pia
1220 835 1283 883 ad
1313 838 1467 883 Deum
1493 835 1775 899 devotione,
1803 838 1944 886 simul

523 923 570 961 et
607 911 900 975 benignitate
928 921 1070 975 atque
1105 912 1516 976 eleemosynarum
1537 912 1787 977 largitione
1809 929 1945 961 com-

523 988 762 1037 mendata.
814 987 952 1035 Unde
997 989 1181 1036 cunctis
1229 998 1463 1036 terrarum
1506 1005 1701 1037 suarum
1742 989 1945 1037 subditis

523 1068 668 1133 ipsius
701 1077 801 1114 tam
825 1082 1039 1132 praeceps
1064 1077 1110 1114 et
1141 1066 1395 1115 immatura
1421 1084 1551 1115 mors
1572 1068 1734 1131 magni
1759 1067 1939 1130 luctus,

525 1165 614 1195 nec
638 1148 797 1195 minus
818 1147 985 1194 illustri
1008 1148 1150 1194 etiam
1176 1147 1519 1208 Maximiliano,
1546 1148 1646 1212 ejus
1676 1148 1941 1213 conjugali,

525 1225 608 1288 qui
635 1239 743 1271 eam
757 1225 796 1284 ⁸,
826 1224 896 1271 uti
926 1240 1013 1289 par
1038 1233 1163 1282 erat,
1190 1213 1330 1272 uniee
1355 1224 1598 1288 diligebat,
1625 1225 1781 1275 attulit
1806 1242 1946 1274 occa·-

522 1302 723 1348 sionem.
752 1303 936 1348 Horum
959 1311 1118 1350 autem
1144 1302 1324 1350 luctus⁴
1353 1319 1454 1350 non
1484 1320 1657 1368 parum
1689 1303 1946 1353 deliniebat

521 1392 664 1447 atque
696 1382 955 1444 solabatur,
997 1383 1129 1447 quod
1158 1393 1403 1431 tantorum
1425 1384 1754 1432 dominiorum
1781 1395 1828 1433 et
1864 1386 1945 1432 in-

520 1461 726 1523 signium
765 1470 998 1509 terrarum
1030 1461 1240 1510 haer-edes
1275 1473 1384 1527 post
1416 1479 1464 1510 se
1502 1463 1757 1526 reliquerat
1791 1478 1957 1511 unum·

521 1538 699 1601 fllium,
730 1541 926 1587 nomine
955 1539 1251 1606 Philippum,
1294 1550 1340 1587 et
1357 1557 1504 1588 unam
1542 1540 1713 1602 filiam,
1747 1542 1945 1589 nomine

520 1617 829 1680 Margaretam
843 1619 875 1664 ⁵.
901 1619 1021 1665 Nam
1043 1617 1133 1664 nisi
1159 1617 1224 1665 ita
1244 1618 1447 1665 venisset
1463 1656 1475 1677 ,
1500 1628 1547 1665 et
1576 1618 1758 1683 absque
1786 1619 1946 1667 liberis

520 1691 622 1755 ipsa
655 1690 783 1738 diem
823 1691 1042 1750 obiisset,
1074 1692 1163 1740 illis
1193 1692 1461 1740 clarissimis
1499 1694 1636 1740 terris
1668 1694 1764 1741 suis
1799 1694 1946 1759 ipsius

520 1768 723 1816 defectio
745 1769 1059 1816 verisimiliter
1088 1779 1262 1817 statum
1291 1770 1529 1818 infelicem
1550 1779 1596 1817 et
1615 1770 1754 1818 valde
1779 1770 1947 1818 turb'u-

518 1847 701 1894 lentum
733 1834 1032 1912 importasset
1061 1866 1072 1894 ε
1103 1847 1237 1911 quod
1257 1848 1646 1908 clementissime,
1672 1864 1759 1914 per
1780 1848 1946 1912 huju's-

519 1925 708 1971 cemodi
740 1924 801 1972 de
832 1941 889 1972 ea
904 1953 906 1955 -
921 1925 1192 1990 superstites
1227 1925 1430 1987 liberos,
1474 1926 1635 1974 divina
1677 1918 1946 1990 benignitas

517 2002 700 2049 avertit.

571 2177 610 2212 1.
636 2174 719 2212 Elle
737 2187 787 2213 ne
806 2174 882 2226 prit
899 2175 936 2214 le
952 2175 995 2213 lit
1013 2176 1130 2227 qu’au
1149 2176 1244 2215 bout
1261 2177 1308 2214 de
1327 2176 1418 2214 trois
1438 2175 1639 2223 semaines,
1660 2175 1812 2214 suivant
1829 2175 1942 2214 Moli-

517 2245 603 2284 net3
632 2237 727 2275 mais
751 2237 789 2275 la
813 2237 1032 2290 chronique
1049 2239 1239 2278 ssamande
1257 2239 1323 2278 des
1342 2238 1427 2277 faits
1446 2247 1483 2276 et
1506 2247 1629 2291 gestes
1647 2237 1876 2277 admirables
1895 2238 1944 2277 de

517 2299 755 2338 Maximilien
775 2309 832 2338 est
850 2301 1050 2340 conforme
1070 2315 1120 2340 au
1138 2302 1233 2341 recit
1251 2302 1300 2340 de
1315 2301 1480 2340 Th0mas
1499 2301 1628 2340 Basin.

571 2365 610 2401 2.
641 2365 692 2401 27
712 2377 813 2402 mars
832 2366 953 2406 1482.
1032 2384 1035 2385 ⁷

572 2428 609 2464 3.
640 2428 769 2464 Etiam
788 2427 884 2466 dans
904 2428 941 2466 le
962 2441 1034 2467 ms.

571 2490 609 2527 4.
640 2488 772 2527 Mieux
790 2490 968 2529 vaudrait
989 2494 1126 2530 lactum
1138 2521 1149 2540 ,
1172 2504 1222 2530 au
1241 2491 1437 2544 singulier.

571 2554 610 2590 5.
640 2551 816 2605 Philippo
842 2553 879 2592 le
908 2556 1012 2592 Beau
1033 2562 1071 2592 et
1092 2554 1325 2606 Marguerite
1350 2552 1587 2592 d’Autriche.
1622 2554 1704 2593 Elle
1729 2553 1870 2593 laissait
1894 2553 1943 2592 de

516 2615 602 2666 plus
620 2627 674 2653 lm
693 2615 752 2653 fils
775 2617 1043 2665 nouveau-ne,
1065 2617 1201 2669 appele
1218 2616 1399 2668 Franeois
1413 2645 1423 2665 ‚
1444 2616 1511 2668 qui
1528 2629 1578 2655 ne
1595 2617 1649 2656 lui
1669 2617 1850 2656 survecut
1874 2630 1942 2669 pas

515 2677 563 2715 de
580 2676 797 2730 beaucoup.
