2060 3392
443 230 446 235 ’
514 244 564 281 38
891 237 1233 278 msromumm
1261 237 1500 277 mnovm
1527 238 1583 276 xl

512 332 760 388 dissuetos,
797 328 859 376 ad
879 327 1154 382 exercitium
1184 326 1338 390 coegit
1373 343 1618 377 armorum
1634 365 1646 387 ‚
1675 338 1818 393 atque
1846 329 1930 394 qui

512 424 612 456 sese
652 406 921 472 superstites
954 419 1147 451 manere
1180 403 1376 464 vellent,
1415 415 1623 453 extrema
1657 406 1930 456 necessitate

511 485 669 548 adegit
693 483 1005 532 animosiores
1041 480 1142 530 fieri
1165 481 1229 529 ad
1251 482 1477 530 tutandos
1493 483 1654 548 patriae
1678 499 1773 532 suae
1790 482 1925 533 fines.

987 683 1323 729 CAPITULUM
1371 685 1432 729 XI
1439 716 1450 728 .

508 812 561 845 De
575 808 730 845 adventu
749 807 996 853 Maximiliani‚
1013 807 1115 855 ducis
1128 809 1289 853 Ananiae,
1306 809 1345 844 in
1365 808 1582 854 Flandriam,
1601 817 1636 845 et
1649 808 1754 846 varii·
1767 810 1929 846 incuna-

554 866 712 901 tionibus
736 874 770 901 et
797 865 1088 914 populationibus
1105 877 1285 913 agrorum,
1303 866 1496 902 alternante
1515 866 1673 911 fortuna,
1691 878 1756 914 per
1776 865 1931 902 Francos

555 922 804 970 etflamingos
818 921 917 957 sactis
937 921 964 957 ¹.

574 1053 831 1114 Postquam
869 1058 1028 1097 autem
1072 1049 1263 1097 illustris
1308 1049 1671 1111 Maximilianus,
1718 1049 1814 1097 suis
1847 1049 1931 1098 diu

508 1136 802 1193 exspectatus
827 1127 1064 1192 princeps,
1090 1127 1263 1174 limites
1284 1127 1446 1193 patriae
1470 1127 1661 1191 attigit¹‚
1689 1126 1800 1175 licet
1819 1144 1931 1175 cum

509 1205 650 1252 nullis
668 1204 744 1252 vel
768 1204 933 1269 paucis
954 1204 1219 1252 admodum
1244 1205 1395 1270 copiis
1417 1202 1717 1266 adventaref',
1742 1205 1933 1271 populis

507 1294 666 1331 tamen
704 1282 892 1330 illarum
922 1291 1154 1330 terrarum
1185 1299 1318 1348 paene
1342 1282 1441 1346 jam
1471 1298 1554 1350 spe
1582 1281 1927 1344 deficientibus,

509 1377 621 1409 suus
634 1361 926 1408 desideratus
940 1361 1171 1408 adventus
1188 1362 1450 1426 plurimum
1470 1361 1625 1408 attulit
1646 1361 1932 1409 consolatio·
1960 1424 1967 1431 ⁶

510 1441 584 1487 nis
596 1449 643 1487 et
664 1439 942 1503 adjumenti.
970 1441 1088 1486 Nam
1114 1448 1161 1494 et
1184 1438 1384 1485 subditis
1398 1454 1531 1503 spem
1555 1438 1934 1504 ingerenspraesi-

509 1517 575 1564 dii
590 1532 646 1564 ac
658 1516 963 1577 defensionis,
985 1517 1171 1564 animos
1181 1532 1366 1576 eorum,
1381 1525 1490 1563 ante
1503 1515 1770 1580 depreSSOS‚
1789 1516 1932 1581 coepit

511 1602 768 1656 utcumque
790 1592 1031 1650 attollere3
1057 1600 1126 1652 et,
1152 1591 1284 1656 quod
1305 1607 1403 1638 non
1427 1607 1576 1656 parvo
1602 1590 1932 1638 aestimandum

510 1680 611 1718 erat
627 1705 638 1726 ‚
683 1669 966 1734 compressis
1003 1668 1183 1734 ubique
1206 1678 1349 1732 atque
1384 1668 1607 1716 cohibitis
1644 1668 1933 1724 seditionum

511 1746 722 1794 motibus
746 1746 955 1811 (quibus
973 1782 985 1806 ‚
1007 1747 1076 1793 uti
1111 1746 1332 1804 diximuS,
1355 1746 1540 1810 singula
1565 1745 1710 1793 ferme
1735 1761 1934 1810 quaeque

512 1824 691 1890 oppida
712 1823 1053 1888 vexabantur),
1069 1823 1328 1871 concordia
1367 1839 1395 1870 e
1441 1823 1634 1886 vestigio
1674 1833 1935 1871 consecuta

514 1912 600 1950 est.

579 1979 870 2026 Peremensis
905 1979 1046 2042 igitur
1073 1989 1256 2026 mature
1279 1995 1364 2044 per
1389 1979 1651 2026 Lovanium
1673 1988 1720 2026 et
1742 1978 1934 2026 Bruxel-

512 2056 611 2103 lam
646 2057 781 2103 terris
812 2056 1097 2116 Brabantiae,
1132 2056 1367 2122 oppidum
1398 2052 1590 2120 Brugas,
1625 2055 1710 2103 ubi
1738 2055 1934 2103 «illustris

514 2134 686 2194 Maria,
709 2140 884 2198 sponsa
907 2149 1021 2193 sua,
1053 2133 1154 2196 ejus
1183 2133 1265 2180 diu
1290 2132 1626 2198 opperiebatur
1649 2132 1931 2194 adventum,

514 2221 645 2259 recto
682 2211 801 2259 calle
846 2211 996 2276 petiit.
1029 2213 1139 2268 Quo
1171 2212 1474 2276 perveniens,
1520 2227 1630 2258 cum
1678 2211 1804 2259 fama
1838 2228 1938 2259 cre-

512 2289 752 2336 bresceret
785 2305 945 2352 regem
981 2305 1092 2335 cum
1135 2288 1318 2352 magnis
1357 2289 1507 2353 copiis
1549 2287 1779 2336 Flandriae
1817 2287 1937 2336 fines

515 2365 707 2429 aggredi
744 2367 864 2413 velle
877 2404 888 2426 ‚
921 2366 1125 2431 peractis
1142 2376 1190 2412 et
1220 2367 1560 2413 consummatis
1587 2366 1750 2431 paucis
1768 2365 1938 2413 diebus

516 2443 793 2509 nuptiarum
835 2443 1079 2491 solemniis
1090 2444 1119 2501 ³,
1163 2442 1341 2508 oppida
1383 2459 1468 2491 sua
1505 2443 1770 2504 limitanea,
1810 2442 1939 2490 velut

569 2611 608 2648 1.
638 2608 817 2661 Chapitre
828 2609 1007 2662 imprime
1020 2609 1115 2648 dans
1130 2610 1406 2660 l'Amplissima
1417 2610 1597 2658 collectio,
1618 2618 1646 2648 t.
1669 2611 1736 2658 IV,
1749 2608 1825 2653 col.
1842 2610 1934 2647 790.

569 2674 609 2710 2.
641 2673 743 2709 Aofit
763 2673 882 2710 1477.

570 2736 607 2771 3.
639 2737 693 2772 Le
711 2734 879 2786 mariage
898 2735 955 2772 fut
973 2733 1124 2773 celebre
1145 2737 1166 2772 a
1190 2735 1301 2774 Gand
1320 2744 1358 2773 et
1376 2748 1454 2774 non
1474 2735 1498 2775 a
1517 2738 1679 2789 Bruge5‚
1699 2735 1737 2774 le
1756 2734 1806 2772 ¹0
1829 2734 1934 2775 amit.
