2060 3392
398 271 475 309 182
764 269 1109 310 ms'rommun
1134 268 1372 314 mnovlcl
1398 269 1455 307 XI

399 357 695 427 narravimus
720 356 815 403 suis
850 355 992 415 locis,
1030 354 1224 403 cuilibet
1247 354 1420 418 legenti
1449 353 1696 406 manifeste
1728 371 1814 421 np-

398 445 548 500 paret.

465 519 601 563 Pater
614 531 741 575 suus,
757 513 902 561 felicis
917 513 1275 572 recordationis,
1285 511 1494 560 edictum
1506 522 1821 579 proposuerat

399 593 531 658 quod
565 591 734 639 milites
772 591 869 651 sui,
906 607 992 656 per
1023 591 1177 638 varias
1217 590 1442 637 stationes
1486 590 1537 636 in
1580 590 1830 655 plerisque-

399 671 531 735 regni
558 669 813 735 provinciis
843 669 1085 730 collocati,
1114 669 1166 716 in
1195 667 1420 716 omnibus
1452 667 1734 716 criminibus
1771 678 1820 717 et

401 748 579 802 delictis
608 763 712 810 quae
753 747 803 793 in
840 746 1154 810 provinciales
1181 746 1506 806 admitterent,
1539 745 1608 792 uti
1641 745 1819 809 justitia

400 825 566 887 exigit,
605 841 634 872 a
669 823 910 887 judicibus
954 824 1205 872 ordinariis
1240 824 1459 871 locorum
1497 839 1586 888 pro
1623 835 1818 871 casuum

400 903 631 966 exigentia
663 903 975 968 punirentur3
1014 903 1226 950 similiter
1265 912 1313 949 et
1345 902 1406 957 de
1445 901 1668 965 negotiis,
1715 917 1819 964 quoe

401 996 511 1028 cum
532 981 708 1027 eisdem
725 981 1090 1040 contraxissent,
1113 979 1347 1027 haberent
1365 979 1525 1027 sistere
1543 979 1638 1044 juri
1656 995 1819 1028 coram

400 1058 468 1105 eis
496 1075 506 1104 ε
538 1057 670 1123 quod
706 1068 754 1105 et
791 1075 871 1105 rex
917 1059 1003 1106 iste
1047 1058 1315 1106 Ludovicus
1354 1058 1489 1105 initio
1531 1062 1642 1123 post
1684 1072 1819 1105 suam

402 1137 763 1183 coronationem
789 1136 1010 1182 'similiter
1051 1136 1275 1183 edixerat.
1320 1131 1515 1182 Verum⁴
1532 1151 1632 1181 non
1668 1135 1821 1182 multo

401 1222 509 1277 post
531 1212 686 1260 edicta
717 1213 878 1279 priora
909 1212 1156 1276 abrogavit
1186 1222 1233 1259 et
1263 1212 1501 1260 contraria
1520 1210 1713 1276 publice
1737 1228 1823 1277 per

403 1306 602 1353 regnum
635 1292 842 1356 proponi
882 1291 1015 1353 fecit,
1060 1289 1235 1354 quibus
1266 1289 1564 1336 inhiberetur
1598 1288 1823 1348 omnibus

405 1360 655 1415 ordinariis
694 1367 957 1431 judicibus,
1002 1384 1064 1414 ne
1103 1366 1165 1415 de
1203 1366 1483 1414 criminibus
1524 1375 1607 1413 aut
1643 1365 1824 1413 delictis

403 1461 570 1492 eorum
584 1482 596 1506 ,
625 1446 704 1508 qui
742 1446 808 1492 sic
839 1446 902 1492 ad
938 1462 1023 1493 sua
1057 1444 1292 1510 stipendia
1320 1444 1601 1503 militarent,
1633 1443 1823 1507 jurisdi-

403 1523 613 1569 ctionem
641 1533 933 1570 assumerent
951 1560 964 1585 ,
1006 1522 1089 1570 sed
1116 1539 1202 1587 per
1236 1521 1496 1586 quemdam
1519 1509 1824 1587 praepositum

404 1600 791 1648 marescallorum
813 1611 860 1648 et
882 1601 1161 1648 commissos
1182 1599 1274 1647 sub
1299 1616 1358 1646 eo
1391 1609 1577 1647 tantum
1601 1614 1690 1664 pro
1712 1615 1825 1664 qua·

404 1693 609 1740 cumque
627 1693 769 1724 causa
786 1677 1002 1740 distringi
1020 1687 1228 1742 possent.
1256 1676 1427 1738 Quod,
1456 1677 1622 1741 procul
1645 1676 1820 1740 dubio,

406 1770 505 1801 non
547 1755 751 1800 multum
786 1754 977 1814 aberat,
1018 1770 1163 1818 quam
1196 1755 1235 1800 si
1269 1755 1336 1800 eis
1366 1754 1600 1820 impunita
1634 1754 1824 1802 licentia

331 1837 335 1843 ‘
405 1832 588 1894 injuriis
630 1848 775 1895 quem
821 1833 997 1879 vellent
1034 1832 1271 1890 afficiendi
1312 1849 1370 1881 ex
1402 1833 1646 1880 communi
1685 1833 1824 1898 plebe

404 1912 630 1975 permissa
661 1912 860 1958 fuisset¹.
890 1914 1010 1959 Nam
1038 1928 1149 1958 cum
1170 1911 1282 1958 tales
1306 1911 1547 1958 commissi
1576 1927 1676 1958 non
1695 1911 1827 1960 aliud

406 1998 669 2052 quaererent
707 2005 852 2052 quam
885 1989 1076 2036 armatis
1111 1999 1158 2036 et
1193 2005 1362 2036 eorum
1397 1989 1654 2054 capitaneis
1693 2006 1825 2036 com-

404 2066 615 2130 placere,
638 2083 726 2113 nec
749 2068 849 2113 ausi
879 2067 1068 2131 ipsimet
1086 2066 1282 2114 fuissent
1305 2067 1558 2115 minimum
1576 2066 1636 2114 de
1657 2066 1823 2130 hujus-

404 2143 593 2191 cemodi
615 2143 929 2208 stipendiariis
950 2143 1191 2190 offendere
1206 2144 1280 2190 vel
1293 2160 1528 2204 coercere,
1547 2160 1608 2190 ne
1621 2143 1823 2190 aliorum

405 2220 781 2284 indignationem
816 2230 863 2267 et
896 2221 1254 2286 capitaneorum
1278 2237 1474 2267 suorum
1497 2220 1820 2282 incurrerent,

405 2296 716 2345 remanebant
739 2298 939 2345 crimina
960 2298 1251 2361 frequentius
1271 2297 1521 2362 impunita.

470 2376 633 2433 Qualis
664 2392 777 2423 vero
802 2375 980 2439 justitia
1013 2393 1070 2422 ex
1097 2376 1431 2422 commissione
1455 2391 1601 2438 quam
1629 2375 1825 2427 dederat

458 2529 497 2566 1.
523 2530 569 2566 Je
588 2526 663 2565 n'ai
682 2538 753 2579 pas
776 2527 957 2565 retrouve
974 2526 1252 2564 l’ordonnance
1271 2528 1293 2563 a
1309 2525 1476 2576 laquelle
1500 2528 1665 2564 l'auteur
1688 2526 1756 2565 fait
1773 2527 1822 2566 ici
1891 2563 1893 2565 .

403 2588 582 2628 allusion.
614 2589 646 2627 Il
671 2598 726 2627 est
751 2588 923 2627 douteux
941 2588 1118 2627 toutefois
1142 2588 1235 2638 qu’il
1255 2588 1494 2639 l'interprete
1512 2587 1627 2626 d’une
1653 2589 1822 2628 muniere

405 2651 614 2703 equitahlc.
646 2654 705 2689 En
733 2659 967 2689 soumettant
994 2662 1064 2689 son
1083 2651 1212 2688 armee
1239 2652 1261 2688 a
1279 2650 1317 2688 la
1336 2650 1562 2698 juridiction
1594 2651 1642 2688 de
1671 2651 1820 2691 Tristan

404 2714 598 2752 Lhermite
624 2714 681 2761 (le
704 2714 842 2765 prevot
869 2713 935 2751 des
962 2712 1196 2751 marechaux
1220 2726 1268 2751 en
1288 2713 1480 2764 question)
1512 2713 1579 2764 qui
1605 2714 1662 2751 fut
1684 2713 1721 2751 la
1744 2722 1823 2753 ter-

404 2790 495 2816 reur
528 2776 595 2814 des
631 2788 724 2828 gens
756 2774 805 2814 de
841 2789 1002 2828 guerre,
1037 2775 1063 2813 il
1092 2783 1150 2814 est
1187 2775 1275 2826 plus
1310 2774 1497 2827 probable
1526 2786 1605 2827 que
1630 2775 1747 2814 Louis
1765 2776 1823 2814 xl
