2060 3392
0 2699 18 2729 b

299 229 334 241 χ,

659 310 808 347 LIBER
836 309 1035 347 PRIMUS.
1477 310 1556 347 277

212 402 362 448 Porro
383 415 494 450 cnm
510 398 683 446 talibus
698 399 746 444 in
775 396 1048 445 diffidentiis
1077 406 1175 445 tam
1202 413 1292 444 nos
1312 411 1458 461 quam
1479 397 1559 444 alii

143 477 382 539 nonnulli,
412 476 495 540 qui
523 461 932 539 quemadmodum
957 484 1006 522 et
1026 490 1117 521 nos
1137 490 1286 538 regno
1311 491 1362 522 se
1389 473 1559 522 absen-

143 563 327 613 tarant,
354 553 692 613 detineremur,
717 553 1100 619 prospiceretque
1123 569 1205 600 rex
1219 552 1379 618 plures
1399 553 1559 601 adhuc

142 648 385 698 superesse
413 631 633 679 absentes
653 632 753 696 qui,
786 647 887 692 non
915 631 1026 677 satis
1048 629 1162 677 fidei
1190 629 1431 695 prioribus
1463 631 1559 678 suis

142 709 482 760 abolitionibus
501 709 750 771 habentes,
774 708 966 757 rediisse
986 707 1076 755 sub
1098 708 1199 771 ejus
1219 708 1450 756 ditionem
1474 708 1557 756 de-

143 798 445 850 tractassent,
491 805 592 835 non
633 797 732 835 tam
772 787 880 834 illos
922 786 1200 850 acquirendi
1243 785 1359 847 sibi,
1411 802 1557 850 quam

143 882 232 914 suo
260 882 500 930 ‘germano
524 865 602 913 vel
632 865 735 912 aliis
767 863 859 911 sibi
892 863 1128 911 foederatis
1151 862 1449 928 principibus
1477 880 1560 911 au-

144 941 326 991 ferendi
353 943 501 1007 gratia
528 952 671 1006 atque
702 942 966 989 intentione
981 978 995 1003 ,
1030 958 1091 988 ne
1115 957 1237 1005 quos
1259 939 1349 987 sibi
1373 940 1559 990 favores

144 1030 227 1069 aut
256 1021 455 1069 consilia
481 1020 711 1086 impertiri
740 1029 934 1084 possent
949 1057 962 1080 ,
997 1017 1259 1066 secundam
1291 1019 1559 1082 generalem

144 1099 425 1146 amnestiam
449 1115 533 1146 seu
563 1097 876 1146 abolitionem
904 1098 956 1144 in
988 1097 1088 1144 vim
1118 1096 1286 1160 regalis
1308 1095 1450 1143 edicti
1479 1096 1561 1144 de-

142 1176 315 1237 crevit,
336 1192 441 1240 quae
459 1176 746 1223 anteriorem
770 1174 965 1238 quidem
986 1173 1304 1222 confirmabat
1323 1183 1466 1237 atque
1487 1174 1561 1220 in-

146 1252 382 1314 novabat3
413 1263 462 1302 et
485 1253 796 1300 nihilominus
823 1269 930 1300 eam
954 1252 1214 1317 amplians,
1249 1251 1413 1298 omnia
1434 1267 1562 1315 quae-

147 1347 353 1395 eumque
384 1330 533 1379 verbo
574 1330 648 1378 vel
684 1329 809 1378 facto
840 1346 1145 1394 quocumque
1186 1329 1334 1376 modo
1372 1329 1526 1393 quivis
1543 1366 1558 1391 ‚

146 1409 489 1474 cujuscumque
519 1419 682 1470 status,
710 1409 882 1472 gradus
907 1409 984 1455 vel
1012 1407 1194 1454 ordinis
1213 1417 1352 1467 esset,
1376 1407 1426 1453 in
1450 1423 1563 1454 eum

60 1554 63 1555 ⁷
146 1487 393 1536 admittere
415 1489 647 1554 potuisset
665 1504 815 1552 usque
843 1486 903 1534 ad
930 1486 1091 1534 datam
1120 1485 1334 1550 ejusdem
1350 1523 1363 1547 ‚
1388 1486 1563 1550 plenis'.

145 1565 263 1612 sime
292 1564 599 1613 condonabat
611 1602 623 1626 ,
656 1566 906 1612 restituens
922 1579 1315 1628 unumquemque
1335 1562 1398 1610 ad
1419 1563 1565 1628 patri·

146 1643 328 1702 monia,
345 1642 595 1703 beneficia,
621 1642 887 1706 dignitates,
904 1642 1012 1706 jura
1029 1651 1075 1688 et
1085 1642 1406 1706 possessiones
1424 1657 1565 1705 quas-

146 1736 352 1784 cumque
364 1731 462 1768 tam
474 1719 795 1766 immobilium
808 1735 953 1782 quam
972 1718 1224 1765 mobilium
1241 1718 1564 1764 exsistentium

147 1796 196 1842 in
217 1813 377 1843 rerum
399 1806 591 1854 natura3
618 1794 885 1860 [adjiciens]
917 1794 1050 1858 quod
1075 1795 1356 1841 eorumdem
1380 1811 1566 1859 posses-

148 1873 333 1920 sionem
362 1889 560 1919 suorum
586 1872 855 1932 bonorum,
891 1888 991 1918 non
1027 1871 1328 1918 obstantibus
1353 1871 1570 1918 donatio-

150 1948 291 1996 nibus
308 1949 367 1996 de
380 1949 447 1996 eis
460 1949 561 2013 aliis
581 1950 797 2015 personis
817 1949 966 2008 factis,
982 1949 1199 2009 decretis,
1218 1949 1460 1996 sententiis
1483 1965 1567 1996 seu

148 2027 335 2074 arrestis
361 2036 531 2074 contra
566 2043 615 2074 se
646 2026 863 2075 absentes
885 2026 1019 2073 factis
1042 2036 1090 2073 et
1113 2026 1273 2087 dictis,
1296 2025 1492 2073 cuilibet
1511 2026 1567 2073 li-

149 2105 295 2152 citum
311 2104 431 2152 foret
447 2105 644 2170 propria
658 2104 935 2152 auctoritate
951 2103 1135 2167 ingredi
1147 2114 1194 2150 et
1212 2103 1569 2168 apprehendere

150 2181 329 2247 absque
351 2183 510 2247 aliqua
542 2199 736 2247 prorsus
767 2182 986 2246 judicum
1020 2192 1102 2230 aut
1133 2191 1462 2228 exsecutorum
1498 2197 1571 2228 re-

150 2261 403 2324 quisitione
424 2277 507 2308 seu
526 2259 645 2323 juris
671 2260 951 2324 ministerio,
979 2259 1252 2323 eisdemque
1283 2259 1378 2305 suis
1400 2259 1568 2323 potiri,

152 2337 404 2386 residendo
424 2337 714 2402 ubicumque
733 2337 919 2396 liberet,
945 2339 1042 2384 sive
1066 2337 1114 2384 in
1135 2352 1303 2400 regno,
1324 2336 1421 2383 sive
1443 2346 1574 2384 extra

153 2431 370 2479 regnum.
403 2419 742 2464 Verumtamen
761 2455 773 2478 ,
801 2416 962 2481 quoad
994 2432 1084 2463 nos
1111 2414 1342 2463 attinebat
1378 2424 1425 2462 et
1454 2415 1574 2462 alios

155 2502 342 2540 nostros
365 2494 569 2558 collegas
600 2496 648 2541 in
675 2511 732 2542 ea
750 2532 763 2555 ,
795 2511 944 2559 quam
977 2510 1120 2558 supra
1150 2494 1396 2540 retulimus
1413 2531 1426 2554 ,
1453 2493 1576 2555 lega-

154 2570 284 2617 tione
301 2607 312 2628 ,
356 2572 665 2619 continebant
704 2573 840 2636 regiae
874 2571 1205 2636 hujuscemodi
1246 2571 1409 2618 litterae
1442 2570 1574 2634 quod

154 2646 319 2694 earum
341 2648 534 2712 quidem
557 2649 851 2714 indulgentia
867 2687 880 2711 ,
906 2659 959 2696 ut
982 2650 1152 2710 caeteri,
1181 2648 1471 2713 potiremur3
1493 2662 1577 2692 ve-

157 2741 265 2771 rum
297 2723 488 2771 volebat
508 2742 589 2772 rex
612 2726 681 2772 uti
711 2726 885 2773 nostris
907 2726 1106 2773 servitiis
1130 2743 1141 2769 τ
1170 2724 1304 2788 cujus
1335 2724 1403 2770 rei
1432 2722 1581 2784 gratia

157 2802 434 2869 injungebat
459 2813 510 2850 nt
540 2803 601 2852 ad
621 2804 690 2850 sui
707 2804 1004 2869 praesentiam
1031 2802 1254 2850 accedere
1273 2800 1572 2848 deberemus.
