2060 3392
683 319 830 357 LIBER
855 318 1055 357 PRIMUS.
1499 322 1577 358 275

162 406 291 455 viros
303 406 516 470 egregios
531 405 818 469 affectusque
833 406 1075 470 suppliciis
1090 404 1399 456 nuntiabatur
1411 405 1575 464 nobis3

172 481 390 546 quamvis
411 482 555 528 etiam
572 481 662 545 ipsi
681 480 742 527 de
764 479 938 544 quibus
954 480 1186 545 supplicia
1200 481 1432 546 reposcita
1450 490 1577 540 sunt,

163 558 475 624 plenissimas,
499 568 554 605 ut
575 559 728 606 caeteri
743 595 756 620 ‚
779 558 998 605 omnium
1021 559 1275 606 criminum
1297 548 1583 609 abolitiones

163 646 214 684 et
242 636 348 684 vitae
376 636 712 700 bonorumque
739 636 1012 684 securitates
1034 653 1083 683 se
1113 637 1349 702 accepisse
1371 635 1584 688 confide-

165 721 295 773 tent,
316 721 365 759 et
387 721 640 777 propterea
659 711 751 761 sibi
776 711 838 759 de
861 711 1140 776 tempestiva
1173 711 1284 776 suga
1304 711 1552 763 consulere
1568 747 1582 771 ‚

166 785 287 835 nihil
306 785 572 836 hesitantes
585 823 600 848 ‚
629 786 827 835 minime
851 786 1158 837 curavissent.

624 1023 969 1070 CAPITULUM
1001 1023 1107 1069 v111
1113 1058 1124 1068 .

170 1154 224 1190 De
240 1153 476 1192 moratione
497 1164 533 1190 et
554 1154 745 1193 residentia
762 1156 801 1190 in
818 1155 1001 1199 Lovani0,
1025 1163 1060 1190 et
1079 1153 1184 1204 regiis
1203 1153 1448 1189 securitatibus
1462 1153 1593 1201 ubique

691 1212 729 1247 in
743 1225 853 1260 reguo
869 1212 1072 1260 publicatis.
1126 1207 1131 1213 ’

238 1331 546 1380 Inter-clusam
575 1331 735 1395 itaque
769 1331 910 1380 nobis
937 1333 988 1380 in
1022 1332 1227 1397 patriam
1265 1340 1314 1378 et
1347 1331 1595 1381 ecclesiam

174 1419 387 1458 nostram
417 1408 652 1456 redeundi
686 1410 956 1458 facultatem
992 1410 1197 1457 maxime
1213 1445 1226 1469 ‚
1251 1424 1396 1473 quam
1434 1409 1597 1460 retuli-

173 1503 281 1535 mus
301 1524 314 1548 ,
349 1503 378 1534 a
416 1485 556 1534 nobis
596 1497 814 1553 suscepta
846 1488 1019 1550 legatio
1053 1487 1209 1535 effecit
1227 1524 1239 1545 ‚
1284 1486 1597 1551 animumque

174 1564 296 1628 mgis
313 1573 510 1630 perante
531 1564 656 1611 male
676 1564 818 1612 nobis
839 1575 1064 1630 pacatum
1083 1564 1148 1613 ob
1168 1580 1226 1612 ea
1242 1581 1346 1628 quae
1364 1565 1597 1613 recensita

172 1649 308 1703 sunt,
337 1641 388 1689 iu
416 1639 571 1689 multo
602 1641 836 1690 acriorem
869 1653 1011 1707 atque
1048 1641 1343 1691 acerbiorem
1380 1640 1598 1704 indigna·

174 1719 357 1767 tionem
389 1719 623 1767 accendit.
664 1722 781 1777 Quae
821 1721 1199 1785 praesentientes,
1241 1730 1288 1767 et
1323 1719 1514 1783 qualem
1545 1719 1594 1769 in

174 1813 318 1845 suum
347 1812 629 1860 germanum
657 1807 952 1860 cunctosque
968 1833 982 1856 ‚
1009 1814 1131 1860 quos
1152 1796 1244 1845 sibi
1277 1813 1416 1844 nosse
1438 1804 1598 1860 posset

176 1873 499 1923 benivolentia
512 1874 720 1937 junctos,
745 1875 960 1922 animum
983 1885 1163 1938 gereret
1180 1891 1282 1922 non
1302 1875 1594 1938 ignorantes,

175 1951 476 2001 decrevimus
492 1952 543 2016 in
562 1961 665 1999 tuto
685 1968 774 1999 nos
798 1953 848 2000 in
871 1954 1084 2000 Lovanio
1109 1963 1298 2014 nostro,
1324 1952 1434 2000 loco
1456 1951 1598 2000 nobis

177 2034 241 2083 ab
286 2035 399 2100 ipsis
437 2034 767 2083 adolescentiae
817 2036 955 2083 annis
999 2037 1279 2097 notissimo,
1322 2035 1568 2082 continere
1581 2071 1594 2095 ‚

178 2113 370 2178 illioque
398 2113 610 2179 opperiri
647 2114 685 2160 si
717 2113 837 2161 forte
869 2116 1018 2177 Deus,
1065 2115 1395 2163 infelicissimae
1433 2114 1598 2180 patriae

181 2190 427 2254 nostrique
472 2190 720 2238 miseratus
759 2190 937 2240 laboris
954 2229 966 2251 ‚
1003 2209 1077 2239 res
1117 2202 1302 2240 nostras
1334 2192 1513 2239 laceras
1552 2199 1601 2238 et

181 2277 422 2332 quassatas
452 2284 538 2316 sua
573 2268 848 2332 dignatione
886 2269 1146 2334 aliquando
1183 2271 1232 2317 in
1269 2270 1469 2317 meliora
1500 2267 1601 2315 du—

179 2355 311 2393 ceret
331 2346 679 2394 instaurandas.

248 2424 396 2481 Quod
419 2441 531 2471 cum
557 2425 818 2473 faceremus
833 2462 846 2486 ‚
875 2435 926 2480 et>
960 2443 1147 2474 menses
1175 2428 1408 2492 plurimos
1437 2427 1532 2474 illic
1554 2427 1604 2472 in

186 2502 368 2549 incerto
387 2512 528 2566 atque
553 2504 750 2568 ancipiti
779 2503 1153 2567 detrivissemus‚
1184 2505 1449 2553 suadebant
1470 2504 1606 2551 multi

188 2578 321 2643 quod
344 2594 506 2643 secure
527 2581 576 2627 in
601 2581 805 2646 patriam
834 2582 1004 2629 reverti
1025 2591 1324 2648 poteramus,
1354 2582 1609 2630 referentes

189 2655 371 2720 regium
393 2656 625 2719 animum,
651 2658 788 2710 initio
816 2658 1011 2724 quidem
1037 2659 1283 2711 turbatum
1302 2671 1348 2708 et
1376 2661 1445 2708 ira
1467 2670 1609 2724 atque

189 2733 517 2796 indignatione
539 2744 654 2785 tunc
675 2747 991 2798 commotum,
1013 2737 1063 2787 in
1080 2738 1386 2787 clementiam
1407 2747 1455 2784 et
1477 2753 1611 2787 man-

192 2810 491 2858 suetudinem
519 2812 719 2859 omnino
748 2813 1018 2860 revolutum
1034 2850 1046 2874 ,
1083 2814 1414 2879 regalibusque
1445 2814 1611 2861 edictis
