2060 3392
423 314 499 352 346
995 313 1263 360 APOLOGIA,

421 403 666 452 retulimus
681 405 710 462 ²,
739 403 911 450 iterum
935 419 961 450 e
983 404 1135 468 patria
1157 413 1203 451 et
1235 402 1532 467 Rothomago
1547 440 1560 465 ,
1587 403 1672 452 ubi
1701 404 1834 454 inha-

420 479 655 542 bitabant,
680 481 731 527 in
752 481 967 528 exsilium
986 481 1189 529 Parisius
1218 481 1516 546 expulerunt.
1542 483 1709 545 quue
1733 497 1834 530 non

422 559 658 618 contenti,
691 558 813 606 duos
843 568 1127 606 mercatores
1157 557 1217 605 de
1242 558 1569 622 Rothomago,
1595 559 1724 607 viros
1742 559 1834 607 ho-

420 645 606 698 nestos,
643 637 694 683 in
725 638 964 684 carcerem
1001 646 1049 683 et
1089 636 1279 684 vincula
1293 674 1305 698 ,
1346 646 1576 701 tanquam
1611 651 1718 684 reos
1747 637 1837 684 cri-

419 713 584 775 minis,
624 713 924 761 detruserunt
950 731 960 760 :
996 729 1202 779 quorum
1236 714 1353 761 alter
1387 713 1646 779 aliquando
1686 723 1836 762 certas

419 793 645 858 pecunias
662 792 725 839 ad
746 784 835 840 nos
857 791 1090 840 detulerat
1107 791 1169 839 ad
1186 792 1426 840 nundinas
1443 792 1832 857 Antwerpienses,

418 881 534 918 tunc
571 870 767 934 quidem
804 871 1034 935 temporis
1071 887 1169 935 quo
1213 871 1336 918 inter
1376 887 1536 934 regem
1577 880 1624 917 et
1661 870 1836 919 ducem

421 935 701 1012 Burgundiae
717 965 808 1014 pax
822 949 1003 1014 optima
1024 958 1167 1013 atque
1182 949 1388 996 amicitia
1409 948 1471 996 ab
1494 947 1719 996 omnibus
1736 965 1836 996 esse

418 1025 726 1091 putabantur,
751 1036 798 1073 et
816 1027 939 1074 inter
962 1027 1207 1091 utriusque
1232 1026 1459 1091 principis
1481 1036 1627 1074 terras
1648 1042 1837 1074 eorum-

419 1120 512 1167 que
544 1104 758 1152 subditos
788 1120 951 1152 secure
975 1113 1022 1151 et
1047 1103 1196 1151 libere
1226 1103 1568 1151 exercebantur
1601 1119 1836 1150 commer-

419 1182 535 1242 cia²3
574 1183 691 1230 alter
718 1198 833 1229 vero
871 1192 972 1230 erat
997 1182 1146 1230 haeres
1180 1181 1430 1246 cujusdam
1466 1181 1656 1246 cognati
1685 1182 1837 1229 nostri

419 1259 654 1321 defuncti,
700 1260 783 1324 qui
818 1259 1077 1323 aliquando
1121 1259 1197 1307 vel
1241 1259 1462 1324 epistolas
1495 1249 1586 1306 vel
1613 1275 1838 1306 nummos

419 1343 606 1385 nostros
627 1354 714 1402 per
735 1353 846 1384 suos
870 1337 1106 1397 famulos,
1127 1336 1242 1384 dum
1266 1337 1471 1398 viveret,
1497 1334 1639 1384 nobis
1659 1336 1838 1384 misisse

419 1415 683 1463 dicebatur.
713 1416 807 1473 Qui
838 1425 1094 1480 postquam
1126 1415 1210 1463 diu
1237 1415 1397 1463 inedia
1421 1424 1467 1462 et
1496 1415 1717 1479 squalore
1741 1431 1840 1461 car-

421 1494 540 1541 ceris
564 1493 725 1540 afflicti
749 1493 968 1552 fuissent,
995 1509 1096 1539 non
1122 1493 1253 1557 prius
1279 1491 1394 1539 inde
1426 1493 1552 1539 exire
1579 1501 1838 1557 potuerunt

419 1587 566 1636 quam
584 1587 760 1634 magno
783 1572 885 1618 auri
903 1570 1070 1635 pondo
1094 1586 1193 1617 sese
1216 1568 1505 1616 redimerent
1526 1568 1588 1616 ad
1606 1569 1835 1629 valorem,

419 1658 471 1696 ut
494 1648 730 1710 serebant,
757 1648 1141 1711 octingentorum
1159 1656 1406 1693 scutorum
1422 1645 1526 1693 auri
1548 1654 1596 1692 et
1612 1645 1833 1710 amplius.

484 1726 578 1773 Sed
598 1736 645 1773 et
669 1742 758 1773 nec
775 1726 842 1772 sic
857 1725 1122 1790 plenariam
1141 1724 1359 1771 intentati
1377 1722 1671 1770 calumniose
1686 1722 1736 1768 in
1756 1737 1840 1770 eos

419 1804 630 1851 criminis
658 1803 994 1862 abolitionem,
1039 1801 1122 1850 sed
1157 1819 1187 1849 a
1223 1801 1448 1850 carcerali
1487 1799 1704 1848 custodia
1736 1809 1840 1847 tan·

418 1882 698 1942 tummodo,
723 1881 812 1929 sub
843 1881 1019 1928 idonea
1056 1880 1279 1927 cautione
1297 1917 1309 1939 ,
1347 1878 1688 1926 relaxationem
1713 1876 1839 1925 obti-

419 1976 533 2008 nere
569 1969 852 2026 potuerunt,
882 1958 971 2006 sub
1005 1959 1236 2006 continua
1261 1967 1414 2004 metus
1441 1966 1488 2004 et
1521 1955 1712 2021 pavoris
1744 1970 1840 2020 poe-

419 2038 668 2086 nosissima
687 2037 902 2103 profecto
933 2036 1167 2083 anxietate
1188 2035 1429 2099 degentes,
1455 2050 1517 2080 ne
1551 2033 1628 2080 vel
1650 2032 1712 2080 ad
1733 2048 1842 2097 sup-

420 2117 561 2181 plicia
588 2116 848 2181 rapiantur,
875 2115 977 2176 vel,
1002 2114 1087 2162 ubi
1109 2115 1270 2161 mitius
1300 2130 1412 2160 cum
1442 2113 1509 2159 eis
1532 2120 1766 2175 ageretur,
1789 2111 1840 2157 in

419 2194 581 2241 relicta
609 2195 674 2240 eis
709 2193 955 2241 bonorum
987 2209 1184 2239 suorum
1221 2191 1410 2239 residua
1435 2190 1657 2256 portione
1691 2189 1842 2236 mulc-

419 2280 578 2318 tentur
593 2272 622 2316 ³.
666 2274 785 2318 Nam
819 2271 887 2319 illi
929 2270 1102 2333 egregii
1141 2268 1479 2326 commissarii,
1520 2267 1602 2330 qui
1644 2265 1839 2313 eosdem

420 2347 721 2410 detinebant,
744 2358 1017 2396 constanter
1039 2346 1312 2395 asserebant
1337 2362 1419 2393 eos
1443 2360 1637 2410 poenam
1665 2341 1840 2390 confis—

476 2502 515 2537 1.
547 2498 769 2544 ci-dessus‚
792 2511 831 2549 p.
856 2499 948 2537 31⁰2.

476 2566 517 2605 2.
546 2562 793 2602 C’est-a-dire
813 2566 934 2601 avant
947 2562 983 2600 le
1006 2560 1104 2600 mois
1124 2560 1172 2599 de
1195 2560 1281 2609 J’uin
1298 2560 1416 2600 1470.
1439 2560 1547 2610 Voy.
1569 2556 1765 2596 l’Histoire
1787 2557 1841 2596 du

422 2627 540 2679 regne
560 2626 608 2664 de
626 2625 742 2665 Louis
758 2627 837 2674 XI,
862 2633 890 2664 t.
917 2628 976 2673 II,
997 2638 1038 2677 p.
1061 2618 1161 2662 219.

477 2692 515 2728 3.
545 2689 577 2727 Il
595 2702 623 2740 y
640 2688 746 2728 avait
759 2698 984 2737 raperentur
1001 2695 1039 2726 et
1053 2689 1321 2724 mulctarentur
1337 2694 1411 2732 que
1424 2683 1591 2722 l'auteur
1608 2695 1632 2721 a
1646 2680 1815 2736 corriges
1827 2710 1839 2730 ,

422 2767 572 2793 comme
607 2753 638 2791 si
668 2751 706 2790 la
739 2751 982 2803 persecution
1011 2750 1139 2789 durait
1161 2762 1301 2789 encore
1323 2746 1497 2799 lorsqu'il
1528 2744 1664 2784 ecrivit
1687 2756 1732 2782 ce
1753 2755 1840 2794 pas-

422 2832 528 2872 sage.
549 2818 638 2858 Cela
651 2816 853 2856 neanmois
869 2814 993 2868 parait
1010 2829 1086 2868 peu
1104 2814 1303 2867 probable.
1325 2815 1423 2864 voy.
1448 2811 1634 2851 ci-dessus
1650 2838 1661 2856 ,
1685 2822 1724 2860 p.
1745 2809 1836 2846 207.
