2060 3392
425 330 503 367 170
792 328 1130 366 HISTomARUM
1156 328 1394 367 LUnovlcl
1423 330 1478 366 XI

422 418 553 481 regni
611 417 904 483 provincias,
960 434 1049 482 pro
1093 434 1181 465 suo
1233 434 1622 484 unamquamque
1664 421 1835 483 modo,

420 495 612 542 adauxit
639 505 686 543 et
707 495 916 559 gravavit
932 498 961 541 ¹.
990 497 1059 542 Ex
1086 511 1184 559 quo
1207 506 1422 546 secutum
1445 507 1514 545 est
1543 497 1699 562 quod,
1727 512 1839 547 cum

420 572 611 620 duobus
625 573 711 620 ·vel
730 571 881 620 tribus
902 573 1040 620 annis
1062 583 1172 621 ante
1197 572 1382 621 obitum
1402 591 1541 623 suum
1554 611 1567 636 ‚
1592 575 1642 622 in
1665 575 1842 641 quibus

420 651 568 699 dictas
601 652 667 699 sic
699 650 1024 716 importabiles
1068 651 1303 700 indixerat
1336 653 1582 715 collectas,
1621 654 1721 718 agri
1753 671 1839 720 per

419 729 591 798 Gallias
613 728 791 797 ubique
819 729 997 779 steriles
1027 730 1331 793 exstitissent,
1353 740 1400 782 et
1425 748 1521 796 prae
1547 732 1737 791 raritate
1756 748 1839 781 an-

419 823 558 855 nonae
600 806 778 873 ubique
810 807 997 857 caristia
1033 806 1272 873 famesque
1307 808 1467 859 valida
1495 820 1833 875 grassarentur,

418 885 541 937 ultra
565 895 758 939 centum
788 885 936 938 millia
967 885 1222 938 hominum
1252 885 1376 939 fame
1409 897 1551 952 atque
1588 888 1752 954 inopia
1785 889 1835 942 in

417 979 566 1026 regno
588 961 872 1021 deficerent3
896 978 986 1010 nee
1009 963 1258 1027 pauciores
1282 963 1397 1012 tabo
1419 980 1475 1012 ac
1495 963 1573 1012 lue
1600 965 1836 1031 variisque

416 1058 473 1088 ex
508 1040 633 1088 fame
661 1050 708 1088 et
733 1040 935 1107 penuria
966 1039 1129 1096 idonei
1163 1040 1376 1089 alimenti
1416 1043 1669 1094 contractis
1701 1044 1834 1107 tegri-

415 1118 679 1178 tudinibus,
704 1119 882 1169 mortui
905 1117 1208 1166 referrentur,

480 1200 550 1245 Ex
585 1198 879 1246 Normannia
917 1197 1061 1252 etiam
1103 1198 1466 1263 quamplurimi,
1517 1199 1690 1248 relictis
1729 1217 1837 1267 pro-

413 1276 528 1341 priis
555 1276 605 1323 in
639 1275 813 1340 quibus
844 1276 943 1329 nati
972 1284 1109 1322 erant
1133 1274 1348 1336 sedibus,
1381 1285 1485 1323 tum
1515 1276 1566 1324 in
1594 1276 1832 1343 Angliam,

414 1363 516 1402 tum
545 1355 594 1400 in
631 1355 921 1405 Britanniam
959 1363 1006 1402 et
1041 1369 1424 1419 quaquaversum
1451 1356 1698 1420 poterant,
1730 1355 1836 1404 ino-

412 1432 492 1497 pia
515 1432 778 1497 profligati,
819 1432 1197 1496 transfugerunt,
1232 1433 1486 1496 multaeque
1515 1433 1659 1494 villae,
1697 1443 1837 1487 antea

411 1509 682 1575 populosae,
711 1510 897 1560 colonis
926 1526 1245 1575 agrorumque
1279 1511 1465 1559 cultura
1483 1512 1676 1576 privatae
1705 1522 1831 1565 sunt.

412 1588 469 1632 Et
509 1603 620 1635 cum
647 1585 747 1634 haec
780 1587 1005 1652 piissimo·
1031 1587 1130 1651 regi
1151 1587 1457 1648 referrentur,
1491 1597 1835 1652 suggereretur-

411 1680 505 1728 que
519 1666 533 1689 ’
557 1663 649 1715 sihi
679 1665 926 1731 quatenus}
951 1681 1099 1714 onera
1132 1674 1180 1712 et
1212 1666 1511 1728 gravamina,
1549 1682 1654 1731 quae
1682 1666 1836 1732 impo-

410 1751 591 1803 suerat,
626 1741 857 1793 relaxaret
890 1752 973 1792 aut
999 1743 1166 1797 saltem
1196 1743 1440 1808 aliquanto
1474 1744 1711 1795 minueret
1732 1780 1745 1804 ,
1771 1760 1834 1795 ne

408 1836 560 1867 unum
584 1818 780 1884 quidem
799 1821 1049 1874 denarium
1070 1830 1323 1886 propterea
1339 1820 1650 1868 relaxandum
1673 1820 1830 1880 duxit3

409 1896 694 1963 dicebatque
729 1899 885 1963 quod,
914 1899 953 1946 si
987 1894 1184 1964 quidam
1207 1914 1263 1945 ex
1283 1899 1467 1953 colonis
1495 1898 1573 1948 vel
1608 1898 1834 1949 aliorsum

410 1977 688 2040 migrarent,
714 1978 790 2025 vel
816 1987 1139 2036 morerentur,
1166 1977 1300 2042 quod
1319 1978 1445 2025 vices
1469 1993 1577 2026 suas
1600 1986 1647 2025 et
1665 1993 1832 2036 eorum

408 2053 695 2118 absentiam,
733 2057 815 2120 qui
852 2065 1150 2121 superessent
1181 2055 1393 2104 haeredes
1420 2065 1503 2104 aut
1530 2056 1705 2117 vicini,
1721 2071 1832 2123 por-

407 2140 577 2179 tarent.

408 2275 631 2327 augmentes
658 2289 798 2314 encore
825 2275 872 2314 de
900 2277 950 2315 96
966 2277 1042 2315 740
1067 2276 1182 2314 livres
1207 2276 1404 2324 tournois;
1428 2285 1466 2314 et
1487 2289 1565 2314 une
1586 2284 1695 2314 autre
1721 2275 1830 2328 piece

409 2336 461 2374 du
489 2337 631 2375 recueil
663 2338 839 2390 Legrand
858 2340 910 2387 (t.
933 2338 1091 2392 XXIX)
1114 2339 1191 2377 fixe
1205 2339 1244 2377 le
1261 2338 1396 2377 chiffre
1429 2340 1451 2376 a
1481 2341 1499 2376 1
1522 2339 1598 2376 132
1614 2340 1692 2377 274
1714 2338 1831 2377 livres

407 2412 507 2451 pour
523 2400 674 2439 l'annee
695 2403 794 2440 1481
814 2415 822 2439 :
847 2414 892 2439 ce
909 2401 976 2452 qui
999 2414 1097 2441 nous
1119 2402 1255 2443 amene
1272 2403 1295 2439 a
1313 2414 1390 2452 peu
1408 2400 1456 2439 de
1479 2400 1595 2439 chose
1614 2402 1702 2452 pres
1719 2402 1742 2438 a
1760 2401 1829 2439 Γό-

407 2463 603 2501 valuation
625 2463 673 2510 de
690 2463 853 2502 Thomas
871 2464 1000 2504 Rasin.

462 2527 501 2564 1.
531 2528 704 2577 Bonamy
721 2539 745 2572 a
762 2526 908 2565 calcule
934 2540 1011 2578 que
1035 2527 1091 2572 les
1114 2526 1256 2579 impets
1276 2526 1343 2578 qui
1363 2526 1504 2566 etaient
1528 2526 1576 2565 de
1599 2528 1644 2565 21
1663 2529 1740 2569 145
1752 2528 1829 2575 540

406 2589 523 2627 livres
551 2588 754 2637 (monnaie
784 2588 832 2626 de
857 2590 972 2628 Louis
1003 2591 1095 2638 XV)
1125 2603 1213 2628 sous
1245 2590 1400 2629 Charles
1429 2592 1502 2628 VII
1515 2618 1526 2637 ,
1556 2591 1774 2628 monterent
1807 2592 1830 2629 a

409 2653 460 2689 26
473 2653 544 2689 111
565 2653 641 2690 100
661 2651 777 2689 livres
796 2665 886 2690 sous
911 2653 1028 2692 Louis
1045 2655 1125 2701 XI;
1146 2665 1191 2691 ce
1210 2652 1277 2704 qui
1295 2652 1362 2690 fait
1379 2665 1456 2690 une
1477 2652 1762 2704 augmentation
1781 2653 1830 2691 de

409 2717 432 2753 4
445 2715 523 2752 968
537 2715 614 2752 560
632 2714 761 2753 livres.
779 2714 983 2754 Memoires
994 2715 1044 2755 de
1056 2714 1205 2756 l’Aead.
1227 2714 1295 2754 des
1317 2718 1439 2755 Inser.
1459 2724 1498 2754 et
1515 2715 1805 2757 Belles-Lettres

407 2786 436 2814 t.
460 2778 639 2824 xxxn,
659 2790 699 2829 p.
722 2779 814 2818 797.

459 2840 501 2880 2.
530 2841 603 2877 Ms.
624 2842 1004 2891 Suggererenna-que.
