2060 3392
450 265 499 303 ³8
812 263 1155 301 HISTORIARUM
1182 262 1419 299 LUDOVICI
1446 262 1503 300 XI

449 354 531 403 sed
557 363 764 419 quantus
792 368 961 401 eorum
989 366 1216 399 numerus
1238 349 1335 398 illic
1358 365 1503 398 caesus
1525 349 1686 411 fuerit,
1710 351 1863 401 incer-

448 444 551 482 tum
570 432 788 481 habitum
811 440 881 478 est
894 433 923 476 ¹.

513 512 617 558 Fuit
638 510 781 558 etiam
802 508 897 555 illic
928 523 1089 554 comes
1117 506 1179 555 de
1210 503 1646 569 Rotundo-Monte,
1673 508 1756 558 sed
1793 518 1864 558 ta-

448 603 559 636 men
581 603 678 635 non
702 586 936 634 lethaliter
959 594 1041 632 aut
1059 585 1264 632 multum
1284 584 1502 648 graviter,
1528 585 1801 635 vulneratus
1815 588 1860 648 ¹3

449 667 530 729 qui
543 702 558 727 ,
582 664 744 730 paucis
765 672 874 728 post
897 662 1080 710 effluxis
1102 662 1271 710 diebus
1287 699 1299 723 ‚
1328 662 1585 710 convaluit.

903 862 1113 908 CAPITU
1120 862 1242 908 LUM
1276 862 1404 925 XVI.

448 998 498 1031 De
508 995 629 1044 prada
643 1008 770 1044 magna
783 997 874 1032 facta
890 1009 911 1031 a
929 996 1050 1043 piratis
1064 996 1294 1032 Normanniae
1314 1008 1420 1044 snpra
1436 997 1627 1044 piscatores
1642 996 1816 1034 Flandfi·
1830 1006 1865 1034 et

635 1051 847 1096 Hollandiae,
864 1059 897 1087 et
913 1051 959 1087 de
972 1052 1163 1100 asperrima
1178 1052 1312 1098 hieme,
1330 1063 1428 1088 anno
1439 1064 1672 1090 uccccnxxix.

510 1170 742 1219 Confecto
765 1171 906 1234 igitur
925 1169 1053 1218 dicto
1076 1170 1264 1236 proelio,
1285 1171 1399 1235 quia
1417 1171 1642 1219 exercitui
1665 1172 1865 1221 Flamin-

446 1263 617 1313 gorum
654 1264 820 1295 currus
871 1247 1097 1308 deerant,
1141 1247 1392 1311 omnisque
1452 1264 1676 1310 annona,
1718 1265 1864 1313 quam

444 1326 739 1375 adduxerant
754 1363 767 1387 ‚
803 1342 914 1373 cum
948 1326 1080 1374 varia
1109 1325 1397 1391 supellectile
1413 1362 1426 1387 ,
1467 1342 1573 1389 quae
1602 1327 1670 1374 eis
1697 1327 1748 1375 in
1780 1344 1866 1379 sua

444 1406 670 1453 castrensi
691 1405 994 1471 expeditione
1016 1406 1123 1451 usui
1144 1414 1192 1452 et
1209 1405 1462 1452 alimento³
1485 1405 1747 1453 necessaria
1772 1405 1867 1454 fue-

444 1492 539 1544 rat,
570 1498 599 1530 a
632 1485 925 1530 Francorum
951 1480 1190 1546 equitibus
1212 1481 1287 1528 vel
1311 1481 1516 1546 direpta,
1552 1482 1624 1529 vel
1656 1481 1864 1531 abducta

443 1560 617 1622 suerat,
643 1561 859 1625 sequenti
880 1569 988 1626 post
1014 1559 1236 1624 proelium
1262 1558 1367 1619 die,
1389 1560 1514 1607 intra
1539 1575 1651 1607 suos
1672 1559 1791 1608 fines
1815 1577 1864 1608 se

442 1649 738 1704 receperunt.
975 1631 979 1634 ⁴

508 1719 595 1763 Per
628 1726 778 1764 totam
811 1725 972 1764 autem
1004 1724 1282 1779 sequentem
1314 1714 1549 1775 hiemem,
1588 1714 1718 1762 nulla
1750 1715 1866 1764 hinc

441 1795 554 1842 inde
588 1795 817 1843 terrestris
851 1792 1091 1858 expeditio
1119 1792 1221 1840 fuit.
1261 1794 1439 1839 Verum
1474 1809 1573 1840 non
1614 1802 1866 1858 propterea

443 1872 607 1921 Franci
646 1889 675 1919 a
717 1872 872 1921 navali
913 1869 1216 1936 expeditione
1253 1869 1478 1917 adversus
1510 1870 1780 1934 Flamingos
1819 1882 1866 1918 et

442 1950 807 2011 Hollandrinos‚
835 1951 917 2014 qui
946 1966 1032 2015 per
1050 1958 1334 1996 autumnum
1355 1958 1402 1995 et
1422 1949 1629 1996 hiemem
1642 1949 1864 1997 halecum

441 2038 488 2075 et
521 2029 723 2075 aliorum
755 2027 958 2092 piscium
991 2027 1242 2092 piscationi
1273 2043 1384 2073 cum
1421 2028 1606 2091 magnis
1636 2025 1865 2075 classibus

442 2106 766 2152 onerariarum
806 2104 1000 2151 navium
1038 2093 1317 2171 incumbere
1358 2105 1615 2167 quotannis
1653 2120 1865 2151 consue—

442 2192 629 2240 verunt,
652 2192 700 2229 et
715 2197 913 2245 magnas
938 2181 1041 2228 auri
1063 2191 1111 2228 et
1131 2182 1314 2245 argenti
1336 2182 1500 2246 copias
1522 2182 1633 2230 inde
1657 2181 1862 2244 trahere,

443 2274 541 2304 non
565 2257 848 2320 quieverunt
871 2266 953 2303 aut
973 2273 1024 2304 se
1043 2257 1401 2304 continuerunt.
1432 2257 1527 2304 Sed
1554 2256 1763 2305 validam
1791 2258 1864 2322 pi-

442 2336 696 2383 raticarum
728 2335 924 2382 navium
959 2344 1102 2399 atque
1138 2335 1398 2400 piratarum
1430 2351 1627 2382 manum
1676 2343 1866 2382 contra-

441 2414 609 2461 hentes
622 2450 636 2474 ,
672 2412 1026 2461 multitudinem
1070 2412 1265 2460 navium
1286 2399 1536 2466 'Flandriae
1552 2450 1567 2474 ,
1603 2412 1866 2463 Hollandiae

499 2576 534 2612 1.
573 2590 590 2606 α
607 2575 666 2612 De
685 2573 721 2611 la
735 2581 823 2625 part
839 2572 893 2611 du
910 2572 1000 2619 duc,
1020 2572 1046 2611 il
1065 2585 1091 2623 y
1110 2579 1175 2610 eut
1186 2571 1274 2623 plus
1287 2570 1337 2610 de
1347 2579 1455 2623 perte
1468 2584 1544 2623 que
1560 2571 1610 2610 de
1627 2571 1665 2610 la
1681 2576 1827 2611 nostre.
1842 2587 1862 2606 ι

444 2634 676 2683 Commines,
702 2635 729 2673 l.
753 2636 823 2681 VI,
843 2633 907 2672 ch.
927 2646 965 2672 v.

497 2699 536 2736 2.
571 2713 590 2732 «ι
603 2698 730 2736 Navre
749 2697 868 2749 d'ung
884 2697 1037 2736 vireton
1054 2698 1075 2734 ὲ
1094 2696 1132 2735 la
1151 2694 1289 2735 cuisse.
1309 2713 1328 2730 1>
1347 2696 1522 2744 Molinet,¹
1545 2706 1571 2735 t.
1594 2700 1651 2746 11,
1671 2696 1735 2736 cb.
1756 2710 1861 2735 txvr.

498 2762 536 2798 3.
571 2761 751 2797 Alimenti
768 2759 864 2798 dans
879 2759 916 2797 le
935 2771 1007 2797 ms.
