2060 3392
714 266 861 304 mmm
889 265 1141 304 SEP'I‘lMUS.
1565 268 1640 305 ¹43

225 341 439 418 broeck',
463 365 511 403 et
533 354 637 403 aliis
656 354 968 419 pluribusque
981 355 996 378 ³
1024 353 1158 401 locis.
1190 351 1260 400 Ad
1291 369 1397 417 quae
1424 353 1532 402 loca
1560 371 1644 402 ac-

222 433 459 482 cedebant
484 433 625 497 legati
658 431 1027 495 Trajectensium
1060 440 1376 494 tyrannorum
1417 446 1527 478 cum
1557 432 1642 480 de-

223 511 399 576 putatis
442 526 574 558 nunc
613 506 881 574 pontificis,
929 523 1059 554 nunc
1094 507 1238 555 etiam
1276 508 1531 574 principis,
1569 510 1645 557 vel

224 597 359 636 terrae
389 597 437 636 et
459 588 623 653 patriae
655 603 751 634 suae
780 584 1062 633 Hollandiae.
1101 588 1159 633 Et
1187 584 1467 634 deludentes
1492 603 1646 653 popu-

224 666 326 715 lum
365 667 711 730 Trajectensem
751 663 1040 712 simulabant
1078 665 1271 728 tyranni
1306 681 1356 711 se
1401 681 1491 730 pro
1526 682 1645 731 pace

226 759 364 808 agere
376 780 390 805 ,
411 752 459 791 et
475 759 583 791 eam
604 751 706 791 toto
729 751 906 790 conatu
921 742 1195 808 perquirere
1206 761 1220 800 ;
1247 742 1331 790 sed
1349 743 1466 807 quid
1482 744 1646 792 animo

225 830 463 885 gestarent
501 831 550 869 et
585 829 770 883 mente,
816 821 985 885 saepius
1025 837 1171 886 opere
1214 820 1509 869 indicabant.
1553 824 1648 881 Qui

225 898 371 947 ferme
395 915 602 964 semper,
634 916 747 947 cum
780 899 961 964 legatos
983 915 1097 946 suos
1118 899 1182 947 ad
1207 899 1358 947 dietas
1387 901 1518 965 pacis
1544 901 1650 950 mit-

228 987 403 1040 terent,
429 994 529 1025 una
556 977 811 1026 mittebant
838 977 1059 1025 rutheros
1089 993 1201 1025 suos
1228 977 1292 1025 ad
1319 978 1543 1027 incendia
1573 980 1650 1027 vel

104 1079 108 1082 >
167 1111 169 1113 ,
225 1055 409 1120 praedas
430 1055 670 1104 faciendas
699 1055 775 1103 vel
797 1055 847 1102 in
871 1054 1150 1116 Hollanffla,
1174 1054 1248 1102 vel
1288 1056 1391 1103 aliis
1423 1056 1542 1104 locis
1569 1057 1650 1104 vi-

226 1132 346 1181 cinis
362 1134 393 1180 ⁸.

294 1211 611 1260 Redemerant
646 1228 696 1259 se
730 1227 760 1259 a
789 1212 977 1261 civitate
1010 1211 1248 1277 pleraeque
1277 1212 1399 1260 villae
1435 1213 1646 1276 magnis,

227 1305 348 1355 quas
368 1290 666 1338 exsolverant
678 1327 691 1351 ,
710 1290 1023 1354 pecuniarum
1043 1291 1264 1352 summis,
1291 1307 1353 1338 ne
1376 1290 1453 1338 vel
1475 1291 1527 1338 in
1547 1307 1653 1356 per-

228 1367 360 1415 sonis
375 1404 389 1429 ,
410 1367 486 1414 vel
508 1367 559 1414 in
580 1365 763 1414 aedibus
788 1367 949 1415 aliisve
973 1366 1118 1415 rebus
1146 1367 1326 1416 damna
1349 1378 1647 1433 paterentur3

228 1443 313 1492 sed
337 1460 437 1492 non
461 1461 520 1492 eo
549 1445 733 1504 minuS,
758 1461 871 1492 cum
893 1454 1034 1492 antea
1060 1445 1178 1492 nihil
1195 1445 1297 1510 jam
1322 1445 1415 1493 sibi
1439 1456 1653 1494 metuen-

229 1521 348 1570 dum
371 1531 595 1588 putarant
610 1557 623 1582 ‚
651 1531 762 1587 post
778 1522 1039 1570 adventum
1061 1523 1188 1570 illius
1209 1523 1453 1571 domicelli
1475 1524 1536 1572 de
1558 1525 1652 1572 Cli-

231 1600 301 1651 vis
321 1602 358 1662 ⁴,
388 1609 619 1664 tanquam
656 1600 772 1648 novi
805 1600 991 1648 domini
1027 1617 1172 1664 quem
1224 1601 1379 1649 aliena
1417 1604 1652 1667 promissa

232 1695 332 1726 non
354 1679 557 1743 ligarent
571 1716 585 1740 ,
621 1679 784 1727 omnia
807 1688 1107 1744 compactata
1136 1679 1333 1727 rescissa
1368 1689 1507 1739 sunt3
1544 1680 1653 1728 fuit-

232 1772 326 1820 que
360 1756 428 1803 eis
453 1772 643 1804 necesse
664 1757 741 1803 vel
765 1773 816 1803 se
844 1756 1007 1804 denuo
1031 1756 1267 1804 redimere
1280 1791 1293 1816 ‚
1321 1757 1396 1804 vel
1419 1757 1653 1805 incendiis

233 1849 289 1882 ac
310 1833 480 1898 praedae
514 1843 674 1899 patere
689 1871 702 1894 ,
733 1844 818 1881 aut
843 1835 951 1882 loca
982 1850 1068 1882 sua
1087 1833 1305 1881 deserere
1327 1852 1339 1881 ε
1370 1834 1505 1899 quod
1527 1843 1653 1882 no'n-

235 1910 379 1972 nulli,
404 1907 593 1959 incertae
630 1922 679 1960 et
706 1912 858 1975 fragili
883 1912 995 1960 fidei
1029 1929 1079 1959 se
1121 1913 1421 1961 committere
1450 1914 1655 1980 amplius

234 2005 334 2036 non
358 1989 610 2051 audentes,
637 1991 796 2055 potius
816 1991 1075 2054 elegerunt.
1111 1992 1217 2038 Fuit
1236 2007 1410 2056 nempe
1437 1991 1654 2055 quaedam

235 2066 347 2114 villa
373 2067 499 2115 circa
520 2067 756 2133 oppidum
780 2071 851 2114 W
834 2069 958 2131 yck,
987 2083 1116 2131 quae,
1142 2069 1377 2133 promissa
1392 2068 1497 2120 -sibi
1519 2085 1655 2116 secu-

235 2143 373 2192 ritate
399 2145 544 2193 etiam
566 2162 652 2210 per
676 2146 985 2194 domicellum
1010 2146 1071 2193 de
1098 2146 1265 2206 Clivis‚
1304 2164 1406 2195 sese
1434 2147 1651 2196 redemit.

236 2219 331 2269 Sed
353 2238 467 2270 cum
495 2223 579 2270 illo
611 2223 711 2288 ipse
736 2239 848 2270 cum
871 2223 967 2271 suis
996 2223 1200 2272 rutheris
1230 2224 1412 2290 ivisset,
1439 2242 1530 2275 nec
1563 2227 1658 2274 loci

178 2312 182 2315 ·
238 2298 411 2346 accolae
427 2336 440 2358 ‚
473 2299 643 2347 confisi
673 2300 734 2349 de
768 2310 909 2366 pacta
942 2301 1279 2361 indemnitate,
1314 2318 1365 2349 se
1399 2303 1659 2352 subtraxis-

239 2386 368 2436 sent,
390 2377 474 2426 sed
494 2377 858 2430 advenientibus
875 2379 1020 2449 etiam
1038 2379 1099 2427 de
1124 2380 1220 2427 suis
1241 2379 1384 2428 bonis
1402 2381 1660 2429 ministras·

248 2574 254 2578 ἡ
295 2524 334 2560 1.
361 2526 416 2562 La
434 2526 564 2576 Haye,
583 2526 829 2566 Bois-le-Duc
843 2556 854 2575 ‚
880 2526 1126 2566 Oestbroeck.

295 2586 335 2624 2.
365 2587 569 2638 Ptaerisque
584 2589 679 2628 dans
697 2591 733 2629 le
751 2605 824 2630 ms.

299 2649 337 2685 3.
368 2649 466 2686 Tout
480 2650 564 2688 cela
581 2659 640 2690 est
658 2652 697 2692 la
713 2653 917 2704 repetition
934 2652 984 2692 de
998 2665 1044 2692 ce
1062 2665 1139 2704 que
1158 2653 1321 2692 l'auteur
1338 2667 1361 2692 a
1373 2653 1428 2693 dit
1446 2652 1532 2708 plus
1549 2656 1658 2704 haut,

245 2722 285 2762 p.
309 2711 401 2749 106.

300 2774 323 2810 4
369 2775 442 2811 Les
461 2774 613 2813 Frisons
632 2776 875 2828 l’appelaient
891 2779 1049 2816 lone-ker
1066 2793 1136 2817 van
1160 2781 1274 2819 cleve.
