2060 3392
474 305 550 341 256
1028 301 1279 356 Ammoni
1291 333 1302 351 ,

474 391 617 453 (ultra
637 408 693 439 ea
723 409 826 456 quae
857 393 1121 455 retulimus)
1159 393 1417 455 gravissimi
1446 394 1673 458 ponderis
1703 397 1883 444 censeri

472 467 631 530 debet,
651 486 761 516 cum
785 485 894 515 eum
920 468 1092 516 talibus
1108 469 1399 532 indulgentia
1416 480 1463 517 et
1483 463 1724 519 favoribus
1745 470 1884 531 fuisse

471 546 532 594 ab
575 547 741 594 illustri
795 546 1186 610 Burgundionum
1225 548 1346 595 duce
1391 559 1639 614 exceptum
1684 540 1886 613 genitori

470 624 570 688 ejus
599 624 696 687 regi
734 625 936 672 maxime
972 634 1020 671 et
1053 641 1185 689 paene
1217 623 1576 690 implacabiliter
1619 624 1887 691 displiceret

469 712 517 749 et
548 692 648 765 ejus
683 703 1040 765 magnanimum
1069 703 1282 750 animum
1312 703 1616 757 vehementer
1647 700 1879 766 inureret,

466 789 607 843 atque
621 779 683 826 ad
704 779 868 826 odium
887 789 933 826 et
951 780 1210 828 vindictam
1229 780 1452 828 adversus
1472 780 1694 829 eumdem
1711 780 1883 828 ducem

467 856 771 918 accenderet,
797 873 895 903 non
918 867 1077 905 tamen
1108 858 1266 905 adhuc
1296 858 1453 923 ipsum
1481 858 1610 905 idem
1639 858 1736 905 dux
1757 854 1884 906 Bur-¹

466 934 652 998 gundiae
666 970 679 994 ‚
701 933 810 981 licet
831 924 931 981 non
955 934 1135 998 absque
1157 936 1301 982 totius
1322 937 1394 983 sui
1416 945 1562 983 status
1583 935 1878 999 discrimine,

465 1011 594 1076 apud
615 1027 663 1058 se
685 1011 734 1058 in
769 1012 901 1058 omni
935 1029 1046 1059 eum
1081 1012 1267 1060 honore
1298 1023 1345 1059 et
1382 1012 1681 1060 observantia
1704 1012 1883 1061 habere

465 1090 655 1137 destititi
697 1092 754 1136 Et
782 1100 1048 1155 postremo,
1085 1091 1296 1153 genitore
1332 1091 1475 1138 etlam
1511 1091 1611 1155 ejus
1641 1107 1749 1154 rege
1781 1080 1882 1138 'vita

464 1166 644 1228 functo,
674 1184 783 1213 cum
805 1167 965 1231 plures
982 1183 1037 1213 ex
1057 1166 1357 1229 magnatibus
1379 1177 1427 1214 et
1450 1167 1728 1232 proceribus
1749 1168 1881 1230 regni

463 1243 609 1290 alium
631 1243 692 1290 ad
715 1243 936 1291 diadema
954 1244 1138 1307 regium
1157 1245 1394 1308 surrogari
1411 1255 1457 1292 et
1474 1244 1709 1304 substitui,
1735 1262 1881 1313 quam

462 1320 645 1384 ipsum,
677 1321 906 1368 Karolum
938 1321 1156 1368 videlicet
1179 1338 1458 1384 germanum
1488 1322 1711 1370 libentius
1740 1323 1882 1370 vidis-

462 1407 582 1459 sent,
609 1398 861 1444 formidine
883 1408 1024 1462 atque
1043 1407 1175 1445 metu
1191 1400 1412 1464 potentiae
1435 1410 1482 1446 et
1501 1400 1672 1451 virium
1691 1417 1880 1448 eorum-

462 1475 573 1522 dem
616 1475 867 1523 illustrium
907 1477 1180 1541 principum
1223 1477 1616 1540 Burgundionum
1652 1480 1876 1544 repressi,

463 1568 630 1599 omnes
675 1552 1021 1612 conticuerunt,
1077 1562 1122 1599 et
1167 1553 1367 1617 pacifico
1411 1564 1458 1600 et
1502 1555 1664 1620 quieto
1715 1557 1878 1621 animo

461 1627 641 1687 eidem,
672 1638 900 1693 tanquam
933 1645 1021 1676 suo
1049 1628 1173 1692 regi,
1210 1645 1375 1694 parere
1410 1639 1551 1694 atque
1575 1631 1770 1679 obedire
1792 1649 1878 1680 cu-

462 1715 626 1753 rarunt
643 1709 671 1753 ¹.

946 1876 1153 1922 CAPITU
1161 1877 1284 1922 LUM
1318 1876 1397 1922 lv.

911 1993 964 2028 De
985 1992 1109 2028 eadem
1129 1992 1249 2028 adhuc
1267 1994 1425 2029 materia.

522 2115 658 2162 Hanc
690 2115 847 2178 itaque
867 2124 1050 2162 tantam
1082 2115 1226 2162 totius
1257 2116 1389 2179 regni
1418 2116 1733 2180 pacationem,
1764 2105 1875 2163 sub-

459 2191 555 2239 lato
587 2192 668 2238 illo
697 2191 856 2239 medio
887 2192 1062 2256 pariete
1088 2193 1257 2239 veteris
1279 2192 1532 2240 inimicitiae
1553 2193 1676 2239 inter
1697 2192 1875 2256 regiam

461 2269 660 2316 domum
690 2279 736 2315 et
763 2269 953 2315 illustris
991 2269 1383 2332 Burgundionum
1408 2270 1562 2336 ducis,
1595 2269 1678 2334 qui
1705 2269 1875 2316 unitati

460 2356 507 2393 et
540 2345 807 2393 concordiae
837 2346 980 2393 totius
1019 2346 1339 2393 illustrissimae
1376 2350 1666 2395 Francorum
1701 2346 1875 2394 domus

460 2423 587 2470 solus
605 2422 749 2487 paulo
771 2432 879 2469 ante
901 2421 1127 2469 obsistere
1144 2421 1408 2480 videbatur,
1435 2432 1545 2469 ante
1570 2422 1735 2469 oculos
1759 2424 1874 2470 nov-i

461 2516 575 2553 tunc
603 2491 722 2568 regis
755 2505 1068 2563 adducentes,
1100 2504 1189 2551 sibi
1220 2503 1382 2551 libello
1412 2504 1651 2551 antedicto
1675 2504 1873 2552 suadere

462 2583 746 2644 nitebamur,
776 2583 972 2629 minime
1005 2592 1108 2628 tum
1141 2598 1262 2646 opus
1299 2581 1398 2628 fore
1432 2582 1565 2645 quod
1599 2591 1780 2629 tantam
1811 2581 1874 2629 ad

461 2661 694 2727 stipendia
721 2660 962 2708 ordinaria
994 2659 1210 2706 militiam
1236 2659 1485 2718 retineret,
1511 2660 1706 2706 minime
1730 2659 1873 2707 etiam

522 2803 556 2840 1.
586 2800 643 2838 Cf.
669 2797 834 2837 Histoire
851 2797 902 2835 du
921 2797 1038 2849 regne
1058 2796 1105 2834 de
1122 2797 1236 2834 Louis
1252 2799 1330 2843 XI,
1354 2797 1381 2835 1.
1406 2800 1423 2835 1
1439 2826 1450 2845 ,
1468 2810 1505 2838 c.
1523 2812 1552 2836 1.
