2060 3392
387 275 401 288 ⁹
462 293 539 331 336
1019 293 1298 340 APOLOG1A‚

460 398 584 442 care,
603 391 771 429 contra
788 381 941 444 legem
964 397 1076 427 eum
1095 381 1211 428 caedi
1229 379 1446 444 jubebat,
1464 398 1706 430 summum
1726 398 1879 431 sacer-

459 460 621 507 dotem
641 469 688 506 et
711 459 877 524 populi
897 458 1160 523 principem
1193 457 1449 520 nesciebat,
1474 475 1586 506 cum
1608 459 1702 507 hoc
1721 469 1879 524 ageret

458 554 557 585 non
579 554 635 584 ex
661 537 870 600 legitimo
893 537 1061 584 ordine
1086 547 1288 602 acceptae
1309 539 1569 603 potestatis,
1592 538 1671 587 sed
1693 555 1778 587 sua
1798 556 1878 587 ne-

457 616 612 678 quiter
634 623 681 661 et
698 613 1082 661 irrationabiliter
1106 613 1282 661 abusus
1302 624 1533 679 potestate
1563 633 1573 662 :
1601 631 1877 680 quanquam

457 692 615 750 etiam,
653 708 710 738 eo
740 691 872 755 quod
893 691 1095 754 dignitas
1125 692 1286 755 legalis
1314 692 1563 741 sacerdotii
1594 710 1682 759 per
1704 694 1876 743 Christi

456 769 773 824 sacerdotium
787 774 888 834 jam
908 779 1131 816 cessasset
1146 779 1193 816 et
1208 780 1435 818 evacuata
1446 781 1586 832 esset,
1611 781 1737 819 recte
1753 771 1878 820 dixe-

453 848 513 894 rit
547 848 763 895 nesciisse
785 863 896 894 eum
923 863 1165 894 summum
1199 847 1509 896 sacerdotem.
1548 851 1688 896 Hunc
1714 859 1876 905 autem

452 925 743 972 intellectum
764 923 986 972 habuisse
1008 924 1286 989 Apostolum
1307 925 1440 988 quod
1461 935 1575 972 tunc
1594 925 1800 990 principi
1817 927 1876 974 sit

451 1001 735 1066 parendum,
762 1018 872 1049 cum
902 1010 1095 1066 accepta
1126 1018 1154 1049 a
1187 1004 1290 1049 Deo
1313 1002 1519 1065 legitime
1551 1003 1699 1050 utitur
1718 1013 1874 1069 potes·

451 1089 563 1141 tate,
589 1079 1006 1144 idemApostolus,
1027 1079 1077 1126 in
1094 1078 1224 1127 dicto
1247 1080 1456 1145 capitulo
1474 1081 1683 1146 epistolae
1704 1098 1798 1129 suae
1812 1082 1874 1130 ad

451 1158 721 1219 Romanos,
758 1157 868 1204 satis
893 1155 1078 1220 liquido
1108 1156 1332 1205 ostendit.
1369 1159 1491 1205 Cum
1522 1159 1652 1205 enim
1678 1147 1874 1207 >dixisset

450 1235 599 1300 quod,
627 1235 707 1299 qui
738 1235 958 1300 potestati
989 1235 1232 1296 resistunt,
1271 1235 1359 1301 ipsi
1393 1234 1484 1283 sibi
1514 1234 1874 1284 damnationem

449 1313 718 1376 acquirunt,
750 1311 927 1373 statim,
959 1311 1073 1359 dicti
1099 1312 1171 1371 sui
1191 1311 1395 1359 reddens
1422 1312 1675 1374 rationem,
1707 1313 1874 1378 adjun-

452 1390 552 1453 git:
585 1409 608 1433 «
637 1392 757 1437 Nam
786 1389 1026 1454 principes
1062 1405 1163 1437 non
1198 1400 1309 1437 sunt
1344 1390 1503 1437 timori
1532 1389 1650 1453 boni
1687 1392 1868 1456 operis,

449 1466 533 1514 sed
558 1466 687 1514 mali.
724 1466 804 1514 Vis
827 1476 986 1514 autem
1015 1483 1116 1513 non
1149 1467 1316 1514 timere
1343 1469 1658 1532 potestatem?
1684 1471 1872 1517 Bonum

450 1544 522 1592 fac
551 1555 598 1592 et
624 1543 825 1592 habebis
850 1544 1042 1592 laudem
1073 1560 1130 1591 ex
1151 1544 1256 1604 illa3
1283 1545 1371 1591 Dei
1404 1546 1533 1592 enim
1555 1546 1769 1593 minister
1802 1557 1872 1595 est

449 1622 536 1669 tibi
551 1623 601 1669 in
619 1621 822 1669 bonum.
845 1623 894 1668 Si
916 1631 1075 1686 autem
1098 1621 1221 1668 male
1244 1622 1425 1682 feceris,
1443 1623 1580 1681 time;
1607 1643 1629 1666 >³
1645 1632 1694 1670 et
1704 1620 1871 1671 caetera

449 1716 553 1763 quae
577 1709 856 1763 sequuntur,
882 1715 938 1745 ex
962 1698 1135 1762 quibus
1156 1698 1401 1746 manifeste
1425 1699 1632 1747 ostendit
1653 1709 1767 1747 tunc
1785 1717 1870 1766 po-

448 1777 691 1825 testatibus
721 1786 768 1824 et
799 1776 1093 1842 principikms
1124 1776 1392 1841 parendum
1428 1787 1475 1824 et
1504 1787 1619 1824 tunc
1654 1794 1737 1826 eos
1769 1795 1869 1828 esse

448 1854 710 1915 timendos,
758 1871 868 1901 cum
918 1863 1113 1919 accepta
1164 1863 1394 1918 potestate
1438 1871 1467 1901 a
1510 1857 1613 1902 Deo
1662 1855 1868 1918 legitime

448 1943 645 1980 utuntur
672 1943 719 1980 et
745 1932 908 1980 debito
937 1932 1105 1980 ordine
1133 1932 1336 1996 justitiae,
1371 1932 1548 1980 scilicet
1579 1933 1642 1981 ad
1671 1933 1868 1982 tutelam

448 2022 494 2058 et
516 2012 840 2058 defensionem
861 2010 1123 2057 insontium
1145 2019 1191 2056 et
1211 2008 1477 2071 bonorum,
1503 2010 1584 2074 qui
1613 2009 1734 2056 nihil
1754 2009 1866 2057 mali

448 2098 661 2152 egerunt,
686 2097 733 2136 et
750 2088 1050 2152 punitionem
1076 2096 1217 2149 atque
1242 2086 1579 2134 coercitionem
1607 2086 1861 2147 malorum,

449 2166 497 2212 in
518 2182 638 2229 quos
659 2174 860 2229 acceptae
878 2163 1122 2229 potestatis
1143 2162 1352 2226 gladium
1369 2179 1579 2211 exserere
1601 2163 1793 2211 debent.

903 2378 1241 2426 CAPITULUM
1280 2378 1424 2423 XXV.

523 2504 566 2538 In
581 2514 652 2550 quo
671 2510 854 2550 ponuntur
869 2509 904 2537 et
918 2501 994 2536 aliae
1010 2500 1237 2547 objectiones,
1256 2498 1302 2535 ad
1317 2512 1402 2546 quas
1414 2499 1515 2534 etiam
1533 2499 1780 2548 respondetur.

513 2623 604 2671 Sed
645 2623 801 2670 adhuc
843 2621 1034 2685 objiciet
1070 2620 1238 2684 aliquis
1277 2620 1410 2683 quod
1445 2621 1641 2668 minime
1677 2622 1862 2678 licuerit

448 2700 586 2748 nobis
617 2696 915 2764 corporalem
946 2697 1241 2762 praesentiam
1271 2697 1421 2760 gregis
1447 2697 1587 2745 nobis
1620 2699 1859 2746 commissi

446 2775 727 2838 relinquere,
752 2782 977 2838 praetextu
999 2772 1141 2819 etiam
1163 2772 1501 2835 cujuscumque
1518 2773 1859 2837 persecutionis

2014 2902 2051 3118 visanum·
2032 2819 2045 2839 ς
2038 2751 2060 2773 -.

2003 3255 2030 3392 &Cis—2⁴23<
2017 3237 2025 3247 ο
1998 3198 2031 3228 ⁴32
2024 3175 2031 3186 ζ
