2060 3392
543 281 592 317 68
903 274 1248 314 HISTORIARUM
1279 273 1516 311 LUDOVICI
1542 275 1599 312 XI

543 366 674 413 nulla
710 355 949 428 dignitatis
989 373 1073 408 'seu
1107 361 1254 408 aetatis
1280 361 1567 423 reverentia,
1611 361 1742 409 nulla
1771 361 1958 411 misera-

543 445 673 491 tione
695 453 776 490 aut
818 441 903 488 Dei
929 440 1097 487 timore
1119 439 1347 505 permoti,
1371 438 1616 488 horrenda
1654 449 1807 488 morte
1845 458 1956 489 ene-

541 529 792 580 caverunt,
814 518 924 584 palo
941 534 1027 583 per
1042 516 1143 581 ejus
1155 516 1403 579 interiora,
1421 516 1482 564 ab
1501 515 1677 564 infimis
1697 516 1953 582 pudendis,

539 596 668 644 unde
709 596 829 642 feces
868 594 1082 660 corporis
1118 604 1390 658 egeruntur,
1435 611 1585 658 usque
1632 594 1694 642 ad
1734 595 1956 644 verticem

539 673 720 739 capitis,
767 670 964 719 defixo¹.
1013 674 1250 720 Matr-onas
1291 673 1434 720 etiam
1479 672 1704 719 honestas
1742 673 1955 738 ejusdem

538 751 735 797 civitatis
746 760 796 796 et·
805 749 1108 815 quamplures
1126 749 1346 814 virgines,
1370 749 1542 815 stupris
1559 749 1790 797 violenter
1812 766 1955 799 exac-

536 829 619 890 tis,
638 827 905 889 foedarunt,
931 827 1007 874 vel
1031 826 1284 876 decurtatis
1308 826 1371 876 ad
1394 826 1621 893 pudenda
1645 844 1797 892 usque
1815 829 1955 876 vesti-

534 905 626 954 bus
644 922 808 953 earum
821 943 835 968 ,
856 904 1066 952 ludibrio
1087 904 1378 953 habuerunt.

599 986 721 1031 Cum
746 993 906 1031 autem
925 982 1123 1047 hujusce
1157 984 1433 1031 calamitatis
1458 983 1580 1031 sama
1598 984 1843 1048 regionem
1865 985 1953 1033 im-

532 1061 770 1126 plevisset,
796 1061 1047 1125 statimque
1083 1061 1145 1109 ad
1168 1062 1288 1125 regis
1312 1061 1532 1109 notitiam
1549 1062 1779 1127 perducta
1799 1062 1921 1110 foret
1936 1101 1949 1124 ,

530 1139 737 1186 exterriti
756 1138 902 1200 fuere,
919 1155 1021 1186 non
1037 1138 1186 1186 modo
1201 1138 1261 1186 de
1272 1139 1440 1187 vicinis
1452 1139 1720 1188 civitatibus
1730 1150 1778 1188 et
1789 1140 1953 1188 castel-

529 1215 611 1277 lis,
644 1233 811 1263 verum
833 1216 975 1264 etiam
1013 1215 1073 1263 de
1099 1216 1434 1264 remotioribus
1469 1218 1745 1282 provinciis,
1787 1218 1953 1284 populi

530 1292 788 1341 christiani.
823 1292 1120 1342 Verebantur
1157 1294 1287 1341 enim
1325 1311 1386 1341 ne
1427 1294 1583 1342 statim
1603 1332 1616 1357 ,
1663 1311 1774 1343 cum
1810 1295 1953 1359 longe

531 1371 711 1435 majore
730 1387 787 1419 ac
818 1371 1047 1419 validiore
1073 1388 1247 1434 manu,
1273 1371 1419 1419 iidem
1440 1361 1578 1419 Turci
1598 1389 1684 1438 per
1714 1389 1820 1420 eam
1844 1389 1954 1438 par-

529 1454 625 1492 tem
662 1445 711 1491 in
752 1445 934 1493 ltaliam
966 1446 1294 1501 convolarent.
1323 1445 1467 1504 Quod
1505 1447 1543 1493 si
1563 1446 1800 1510 fecissent,
1839 1463 1952 1512 pro-

529 1521 670 1584 fecto,
696 1522 878 1570 nedum
901 1523 1107 1586 Italiam,
1140 1523 1223 1572 sed
1246 1524 1389 1580 etiam
1409 1524 1524 1574 alias
1545 1525 1824 1575 christianas
1838 1542 1951 1590 pro-

529 1599 725 1663 vincias,
745 1617 846 1648 non
859 1600 951 1648 levi
964 1610 1094 1648 metu
1108 1601 1270 1648 anxias
1283 1617 1338 1648 ac
1355 1601 1580 1648 sollicitas
1594 1601 1946 1650 reddidissent².

527 1679 706 1724 Verum
741 1678 938 1725 meliora
968 1678 1028 1725 de
1059 1679 1155 1725 suis
1182 1677 1407 1725 fidelibus
1433 1677 1619 1725 domini
1655 1679 1744 1727 Dei
1771 1695 1827 1743 ac
1864 1682 1951 1727 Re-

527 1751 788 1818 demptoris
808 1752 956 1800 nostri
976 1751 1245 1816 benignitas
1278 1762 1325 1800 et
1348 1752 1600 1801 clementia
1623 1754 1862 1802 ordinavit
1895 1770 1951 1802 ac

526 1829 751 1895 providit.
773 1831 893 1879 Nam
915 1837 1016 1877 non
1044 1831 1247 1877 multum
1271 1831 1354 1878 diu
1389 1841 1498 1896 post
1518 1831 1612 1878 hoc
1627 1869 1640 1894 ,
1665 1848 1787 1881 saeva
1804 1832 1884 1880 illa
1903 1841 1951 1880 et

579 1954 597 1991 1
611 1981 620 1990 .
650 1951 832 1989 L’auteur
853 1950 1022 1989 confond
1040 1950 1090 1989 ici
1117 1951 1154 1989 le
1173 1960 1253 1989 sort
1277 1951 1325 1990 de
1345 1952 1616 2004 l’archeveque
1639 1953 1836 1992 d'Otrante
1855 1965 1950 1992 avec

525 2013 624 2052 celui
645 2013 694 2052 de
711 2026 770 2051 ses
789 2013 983 2052 confreres
1002 2012 1050 2051 de
1071 2014 1231 2052 Brindes
1250 2023 1288 2053 et
1307 2014 1355 2053 de
1371 2015 1516 2064 Nard0‚
1541 2023 1617 2067 que
1634 2017 1689 2056 les
1704 2019 1824 2056 Turcs
1847 2034 1866 2051 u
1879 2016 1950 2055 im·

529 2095 546 2111 «
569 2076 690 2129 palari
709 2077 882 2115 fecerunt
899 2093 915 2111 n
931 2105 941 2124 ,
963 2076 1018 2115 dit
1036 2077 1072 2115 le
1090 2079 1265 2119 Diarium
1289 2081 1507 2118 Parmense.
1530 2081 1582 2118 Ce
1599 2082 1725 2119 meme
1744 2080 1950 2119 document

524 2153 574 2178 ne
604 2140 757 2192 specifie
786 2154 853 2193 pas
882 2141 920 2179 le
943 2153 1061 2192 genre
1093 2141 1142 2179 de
1172 2150 1273 2180 mort
1300 2141 1349 2180 de
1379 2142 1649 2194 l'archeveque
1675 2143 1894 2193 d'Otrante;
1922 2145 1948 2183 il

525 2202 654 2241 donne
673 2203 884 2241 seulement
899 2215 1050 2241 comme
1066 2216 1121 2241 un
1138 2203 1266 2242 on-dit
1285 2204 1377 2255 qu'il
1398 2205 1456 2242 fut
1474 2205 1650 2257 empaille
1673 2223 1690 2239 ι(
1711 2206 1850 2245 dicitur
1870 2207 1950 2260 epi·
1998 2247 2002 2250 Δ

530 2282 548 2300 α
570 2278 729 2317 scopum
749 2265 899 2304 Otranti
918 2266 1035 2304 fuisse
1056 2266 1309 2314 excoriatum,
1331 2275 1369 2305 et
1389 2267 1529 2319 pellem
1552 2268 1749 2320 impletam
1767 2270 1909 2320 paleis3
1928 2287 1946 2305 u

524 2328 619 2366 mais
639 2328 725 2380 plus
745 2328 823 2367 loin
841 2328 868 2366 il
888 2328 1007 2366 relate
1027 2341 1103 2366 une
1124 2329 1322 2367 circulaire
1344 2329 1397 2367 du
1421 2343 1520 2382 pape
1541 2330 1647 2370 Sixte
1668 2333 1720 2370 IV
1739 2332 1806 2383 qui
1827 2332 1948 2372 infor-

524 2390 617 2428 mait
641 2390 679 2429 la
702 2390 913 2429 chretiente
932 2391 984 2430 du
1010 2391 1179 2430 desastre
1204 2391 1403 2431 d’Otrante
1421 2401 1482 2441 et,
1512 2402 1621 2432 entre
1643 2402 1771 2433 autres
1795 2395 1949 2435 circon-

522 2461 693 2501 stances,
721 2453 932 2505 expliquait
950 2464 1028 2505 que
1057 2454 1112 2492 les
1139 2457 1257 2492 Turcs
1286 2455 1439 2493 avaient
1465 2454 1534 2493 fait
1559 2456 1657 2495 scier
1679 2457 1948 2511 l'archeveque

526 2530 545 2553 «
566 2528 718 2554 comme
744 2517 802 2555 sut
832 2515 907 2554 scie
935 2516 972 2554 le
1001 2516 1190 2568 prophete
1217 2519 1329 2557 Isaie.
1356 2535 1372 2552 ι»
1411 2517 1467 2556 Cf.
1501 2519 1705 2568 Muratori‚
1742 2523 1949 2572 Scriptores

521 2592 647 2616 rerum
665 2582 777 2628 Ital„
800 2587 828 2617 t.
852 2581 968 2617 XXII
981 2607 992 2626 ,
1013 2579 1087 2617 col.
1112 2581 1189 2618 346
1209 2588 1247 2618 et
1266 2581 1358 2620 352.

576 2643 615 2679 2.
651 2658 670 2676 α
686 2641 871 2679 Dubitant
895 2642 1059 2681 Romani
1083 2655 1133 2681 ne
1157 2645 1303 2682 Turcus
1327 2643 1457 2682 veniat
1475 2646 1659 2694 Romam,
1686 2655 1803 2699 prout
1823 2647 1946 2686 mina-

525 2722 544 2740 α
566 2713 643 2751 tur,
673 2713 711 2743 et
738 2713 896 2743 narrant
918 2705 1048 2744 multae
1071 2706 1296 2758 prophetiae.
1321 2723 1340 2742 x
1372 2710 1550 2745 Diarium
1578 2713 1800 2761 Parmense,
1829 2710 1856 2748 l.
1889 2723 1943 2759 c.,

518 2768 593 2807 col.
623 2770 714 2808 364.
