2060 3392
745 338 893 377 LIBER
919 337 1121 376 SEXTUS.
1605 339 1628 374 9

218 442 363 496 q'uem
385 428 609 489 haberet,
637 442 828 475 necnon
841 461 854 484 ,
886 425 1191 490 quamplures
1216 425 1266 472 in
1294 424 1429 472 terris
1459 425 1631 490 princi-

189 518 194 520 ’
217 508 353 574 pissae
374 506 535 573 palam
563 521 613 552 se
634 503 846 551 haesitare
872 501 1081 562 aiebant,
1106 502 1205 549 imo
1227 500 1381 562 multi,
1409 517 1498 548 nec
1520 517 1630 548 eum

217 585 398 634 habere
421 582 723 648 Jactitabant,
752 581 862 628 licet
883 581 944 628 de
964 581 1060 628 hoc
1081 597 1167 646 per
1195 596 1395 643 regnum
1426 579 1631 626 Franciae

94 672 99 680 '
219 679 320 712 non
344 660 677 725 ambigeretur.
695 661 767 707 De
783 674 879 723 qua
892 659 1147 724 sponsione
1162 675 1246 707 seu
1266 657 1632 723 desponsatione

219 739 382 788 fienda
408 754 520 786 cum
542 737 687 786 iidem
707 746 920 784 oratores
945 753 974 784 a
992 736 1227 802 deputatis
1247 735 1600 801 provinciarum
1615 773 1628 796 ,

221 817 305 882 qui
337 814 555 864 Gandavi
579 823 903 862 convenerant
919 851 933 875 ‚
969 830 1017 861 se
1050 811 1169 861 nihil
1199 814 1249 861 in
1277 812 1513 861 mandatis
1544 812 1633 861 ha-

221 892 335 941 bere
376 900 635 939 assererent
654 925 667 947 ,
713 889 886 937 infecta
930 906 1048 955 pace
1093 890 1155 938 ad
1195 906 1305 937 suos
1351 889 1633 937 Gandavum

221 969 478 1018 redierunt.

287 1048 437 1094 Porro
456 1062 567 1093 cum
578 1044 849 1093 recedentes
860 1060 890 1092 a
899 1060 1006 1108 rege
1015 1044 1254 1092 licentiam
1263 1043 1495 1091 redeundi
1511 1060 1636 1092 rece-

223 1134 412 1190 perunt,
421 1123 638 1190 promisit
653 1140 733 1170 rex
746 1139 856 1169 suos
877 1133 1087 1170 oratores
1097 1122 1232 1170 brevi
1245 1125 1495 1170 missurum
1510 1124 1636 1171 Gan-

223 1201 400 1250 davum
419 1201 481 1249 ad
500 1200 716 1249 eamdem
735 1216 869 1248 suam
885 1199 1078 1248 filiolam
1098 1210 1146 1248 et
1157 1217 1256 1262 eos,
1270 1202 1351 1266 qui
1369 1201 1428 1249 de
1443 1201 1637 1248 diversis

222 1279 480 1345 provinciis
496 1279 592 1325 suis
623 1279 707 1326 illo
728 1288 1078 1340 convenerant,
1102 1295 1188 1344 per
1205 1295 1326 1342 quos
1346 1295 1514 1326 eorum
1536 1279 1637 1326 ani-

225 1373 330 1406 mos
375 1356 438 1405 ad
478 1373 560 1417 ea,
594 1373 699 1420 quae
740 1366 967 1404 restarent
996 1356 1214 1404 ineundae
1250 1356 1403 1421 pacis,
1434 1365 1640 1421 speraret

225 1433 464 1482 inflectere
478 1471 491 1495 ,
530 1444 771 1481 ostentans
808 1450 993 1499 semper
1020 1434 1116 1481 suis
1148 1433 1304 1480 verbis
1337 1450 1386 1481 se
1417 1434 1479 1481 ad
1511 1450 1634 1493 eam,

224 1513 384 1578 potius
422 1527 567 1575 quam
609 1511 670 1559 ad
709 1511 889 1559 bellum
916 1511 1176 1575 gerendum
1191 1549 1204 1572 ,
1241 1511 1454 1559 animum
1484 1513 1639 1559 inten-

225 1588 354 1637 dere.

698 1769 871 1814 CAPIT
873 1769 1042 1814 ULUM
1092 1769 1170 1813 111.

228 1910 421 1956 Quomodo
436 1919 471 1946 et
484 1923 555 1958 qua
568 1910 614 1946 de
628 1923 745 1955 causa,
763 1911 911 1947 reversis
923 1911 1057 1958 legatis,
1068 1912 1258 1947 noluerunt
1267 1911 1383 1946 status
1395 1906 1641 1946 Flandriarum

338 1968 474 2003 collecti
491 1967 588 2016 apud
602 1967 816 2004 Gandavum
830 1967 1013 2004 intendere
1029 1967 1077 2004 ad
1097 1981 1138 2004 ea
1153 1980 1231 2015 quae
1247 1980 1311 2003 rex
1326 1967 1539 2016 postulabat.

294 2124 418 2170 Sane
438 2138 588 2185 quum
610 2123 808 2184 reversi,
832 2139 938 2188 quae
952 2122 1082 2188 apud
1101 2138 1261 2186 regem
1294 2123 1498 2186 egissent
1513 2123 1644 2168 inve-

231 2210 495 2263 nerantque
514 2193 813 2262 retulissent,
849 2201 993 2267 coepit
1023 2201 1226 2266 amplius
1259 2200 1387 2263 vulgi
1416 2200 1645 2247 tumultus

230 2276 465 2341 simulque
494 2278 710 2324 omnium
734 2277 878 2324 ferme
892 2315 904 2338 ,
924 2278 1007 2342 qui
1028 2278 1123 2324 illic
1147 2277 1347 2325 aderant
1366 2276 1428 2324 de
1451 2277 1646 2324 diversis

231 2354 366 2400 terris
402 2354 717 2419 principissae,
755 2354 953 2402 accendi
989 2366 1038 2402 et
1066 2356 1348 2402 insolescere
1364 2392 1378 2415 ,
1405 2355 1645 2420 potissime

231 2446 344 2478 cum
375 2442 686 2495 agnoscerent
719 2432 1033 2496 audirentque
1065 2432 1284 2480 dietenus
1311 2448 1471 2497 regem
1498 2449 1647 2479 novas

232 2523 364 2555 arces
375 2518 431 2556 set
456 2508 635 2574 oppida
658 2525 918 2574 occupare,
937 2519 984 2557 et
1007 2510 1137 2557 aliud
1159 2509 1316 2557 verbis
1331 2547 1344 2571 ,
1368 2509 1497 2557 aliud
1515 2510 1647 2556 factis

234 2585 498 2645 ostendere,
510 2586 793 2650 studereque
809 2602 894 2634 sua
912 2587 1257 2635 intermissione
1273 2587 1460 2634 nobiles
1481 2603 1537 2633 ac
1559 2586 1646 2631 mi-

233 2660 406 2720 litares,
433 2662 811 2728 quibuscumque
834 2675 993 2729 posset
1012 2666 1099 2712 viis
1118 2675 1260 2728 atque
1281 2665 1453 2723 modiS,
1474 2665 1646 2710 illicere

236 2747 282 2784 et
301 2739 348 2785 in
368 2749 524 2803 partes
545 2756 653 2788 suas
668 2741 917 2788 attrahere.
936 2742 1153 2789 Iri-itabat
1174 2752 1332 2789 autem
1355 2741 1646 2806 permaxime

237 2816 547 2880 omniumque
563 2819 749 2865 animos
765 2818 826 2866 ab
846 2819 1059 2867 ineundo
1080 2819 1448 2884 copulandoque
1471 2817 1647 2866 foedere
