<?xml version="1.0" encoding="UTF-8"?>
<!DOCTYPE html PUBLIC "-//W3C//DTD XHTML 1.0 Transitional//EN"
    "http://www.w3.org/TR/xhtml1/DTD/xhtml1-transitional.dtd">
<html xmlns="http://www.w3.org/1999/xhtml" xml:lang="en" lang="en">
 <head>
  <title>
</title>
<meta http-equiv="Content-Type" content="text/html;charset=utf-8" />
  <meta name='ocr-system' content='tesseract 3.04.00' />
  <meta name='ocr-capabilities' content='ocr_page ocr_carea ocr_par ocr_line ocrx_word'/>
</head>
<body>
  <div class='ocr_page' id='page_1' title='image "./histoiredesrgn03basiuoft_0069.png"; bbox 0 0 2060 3392; ppageno 0'>
   <div class='ocr_carea' id='block_1_1' title="bbox 146 362 1567 524">
    <p class='ocr_par' dir='ltr' id='par_1_1' title="bbox 146 362 1567 524">
     <span class='ocr_line' id='line_1_1' title="bbox 550 362 1565 408; baseline -0.001 -3"><span class='ocrx_word' id='word_1_1' title='bbox 550 403 554 405; x_wconf 78' lang='grc'><strong>.</strong></span> <span class='ocrx_word' id='word_1_2' title='bbox 627 388 633 390; x_wconf 88' lang='grc'><strong>-</strong></span> <span class='ocrx_word' id='word_1_3' title='bbox 659 363 808 408; x_wconf 68' lang='lat' dir='ltr'>LIBER</span> <span class='ocrx_word' id='word_1_4' title='bbox 843 362 1044 403; x_wconf 65' lang='lat' dir='ltr'>smnus.</span> <span class='ocrx_word' id='word_1_5' title='bbox 1515 365 1565 405; x_wconf 74' lang='lat'>¹0</span> 
     </span>
     <span class='ocr_line' id='line_1_2' title="bbox 146 451 1567 524; baseline -0.008 -14"><span class='ocrx_word' id='word_1_6' title='bbox 146 457 360 524; x_wconf 71' lang='lat' dir='ltr'>gai-diam</span> <span class='ocrx_word' id='word_1_7' title='bbox 376 454 615 523; x_wconf 78' lang='lat' dir='ltr'>[haberet]</span> <span class='ocrx_word' id='word_1_8' title='bbox 629 491 642 516; x_wconf 92' lang='lat'>,</span> <span class='ocrx_word' id='word_1_9' title='bbox 665 455 808 506; x_wconf 79' lang='lat' dir='ltr'>etiam</span> <span class='ocrx_word' id='word_1_10' title='bbox 828 453 985 507; x_wconf 86' lang='lat' dir='ltr'>inanis</span> <span class='ocrx_word' id='word_1_11' title='bbox 995 461 1137 517; x_wconf 81' lang='lat' dir='ltr'>atque</span> <span class='ocrx_word' id='word_1_12' title='bbox 1154 451 1257 505; x_wconf 78' lang='lat' dir='ltr'>siue</span> <span class='ocrx_word' id='word_1_13' title='bbox 1269 451 1424 500; x_wconf 77' lang='lat' dir='ltr'>fluctu</span> <span class='ocrx_word' id='word_1_14' title='bbox 1439 454 1567 500; x_wconf 85' lang='lat' dir='ltr'>Gan-</span> 
     </span>
    </p>
   </div>
   <div class='ocr_carea' id='block_1_2' title="bbox 148 527 994 595">
    <p class='ocr_par' dir='ltr' id='par_1_2' title="bbox 148 527 994 595">
     <span class='ocr_line' id='line_1_3' title="bbox 148 527 994 595; baseline -0.013 -10"><span class='ocrx_word' id='word_1_15' title='bbox 148 532 351 595; x_wconf 73' lang='lat' dir='ltr'>davum,</span> <span class='ocrx_word' id='word_1_16' title='bbox 374 533 586 580; x_wconf 81' lang='lat' dir='ltr'>reverso¹</span> <span class='ocrx_word' id='word_1_17' title='bbox 603 530 771 578; x_wconf 88' lang='lat' dir='ltr'>itinere</span> <span class='ocrx_word' id='word_1_18' title='bbox 785 565 799 590; x_wconf 87' lang='lat'>,</span> <span class='ocrx_word' id='word_1_19' title='bbox 836 527 994 575; x_wconf 88' lang='lat' dir='ltr'>rediit.</span> 
     </span>
    </p>
   </div>
   <div class='ocr_carea' id='block_1_3' title="bbox 624 695 1085 743">
    <p class='ocr_par' dir='ltr' id='par_1_3' title="bbox 624 695 1085 743">
     <span class='ocr_line' id='line_1_4' title="bbox 624 695 1085 743; baseline -0.005 0"><span class='ocrx_word' id='word_1_20' title='bbox 624 695 970 743; x_wconf 85' lang='lat' dir='ltr'>CAPITULUM</span> <span class='ocrx_word' id='word_1_21' title='bbox 1001 696 1085 742; x_wconf 90' lang='lat' dir='ltr'>VI.</span> 
     </span>
    </p>
   </div>
   <div class='ocr_carea' id='block_1_4' title="bbox 150 801 1575 981">
    <p class='ocr_par' dir='ltr' id='par_1_4' title="bbox 150 801 1575 981">
     <span class='ocr_line' id='line_1_5' title="bbox 150 801 1574 879; baseline 0.001 -27"><span class='ocrx_word' id='word_1_22' title='bbox 150 817 204 855; x_wconf 78' lang='lat' dir='ltr'>De</span> <span class='ocrx_word' id='word_1_23' title='bbox 218 817 394 865; x_wconf 66' lang='lat' dir='ltr'>legatione</span> <span class='ocrx_word' id='word_1_24' title='bbox 412 814 636 879; x_wconf 80' lang='lat' dir='ltr'>imperatoris</span> <span class='ocrx_word' id='word_1_25' title='bbox 650 813 830 850; x_wconf 83' lang='lat' dir='ltr'>Frederici</span> <span class='ocrx_word' id='word_1_26' title='bbox 844 801 949 849; x_wconf 77' lang='lat' dir='ltr'>missa</span> <span class='ocrx_word' id='word_1_27' title='bbox 972 813 1116 849; x_wconf 76' lang='lat' dir='ltr'>Gauda</span> <span class='ocrx_word' id='word_1_28' title='bbox 1101 827 1208 858; x_wconf 87' lang='grc' dir='ltr'><strong>·ιιιιι,</strong></span> <span class='ocrx_word' id='word_1_29' title='bbox 1227 823 1262 850; x_wconf 82' lang='lat' dir='ltr'>et</span> <span class='ocrx_word' id='word_1_30' title='bbox 1278 813 1324 850; x_wconf 84' lang='lat' dir='ltr'>de</span> <span class='ocrx_word' id='word_1_31' title='bbox 1344 817 1574 854; x_wconf 81' lang='lat' dir='ltr'>matrimonio</span> 
     </span>
     <span class='ocr_line' id='line_1_6' title="bbox 197 870 1575 921; baseline 0.001 -15"><span class='ocrx_word' id='word_1_32' title='bbox 197 873 293 908; x_wconf 71' lang='lat' dir='ltr'>met</span> <span class='ocrx_word' id='word_1_33' title='bbox 322 871 594 921; x_wconf 71' lang='lat' dir='ltr'>principissam,</span> <span class='ocrx_word' id='word_1_34' title='bbox 621 879 855 918; x_wconf 67' lang='lat' dir='ltr'>presentem,</span> <span class='ocrx_word' id='word_1_35' title='bbox 889 878 925 904; x_wconf 75' lang='lat' dir='ltr'>et</span> <span class='ocrx_word' id='word_1_36' title='bbox 949 870 1256 915; x_wconf 78' lang='lat' dir='ltr'>Maximilianmn,</span> <span class='ocrx_word' id='word_1_37' title='bbox 1288 883 1354 920; x_wconf 86' lang='lat' dir='ltr'>per</span> <span class='ocrx_word' id='word_1_38' title='bbox 1379 872 1575 920; x_wconf 83' lang='lat' dir='ltr'>legitimum</span> 
     </span>
     <span class='ocr_line' id='line_1_7' title="bbox 195 926 1148 981; baseline -0.005 -15"><span class='ocrx_word' id='word_1_39' title='bbox 195 937 488 981; x_wconf 57' lang='lat' dir='ltr'>praemiet-em,</span> <span class='ocrx_word' id='word_1_40' title='bbox 506 941 572 976; x_wconf 82' lang='lat' dir='ltr'>per</span> <span class='ocrx_word' id='word_1_41' title='bbox 589 928 698 964; x_wconf 75' lang='lat' dir='ltr'>vei-ha</span> <span class='ocrx_word' id='word_1_42' title='bbox 713 926 759 962; x_wconf 87' lang='lat' dir='ltr'>de</span> <span class='ocrx_word' id='word_1_43' title='bbox 772 926 935 975; x_wconf 59' lang='lat' dir='ltr'>prasenti</span> <span class='ocrx_word' id='word_1_44' title='bbox 951 935 1148 964; x_wconf 80' lang='lat' dir='ltr'>contracto.</span> 
     </span>
    </p>
   </div>
   <div class='ocr_carea' id='block_1_5' title="bbox 94 1034 1586 2033">
    <p class='ocr_par' dir='ltr' id='par_1_5' title="bbox 94 1034 1586 1797">
     <span class='ocr_line' id='line_1_8' title="bbox 216 1034 1574 1103; baseline 0 -18"><span class='ocrx_word' id='word_1_45' title='bbox 216 1036 512 1100; x_wconf 57' lang='lat' dir='ltr'>Unde,‘cum</span> <span class='ocrx_word' id='word_1_46' title='bbox 531 1035 634 1084; x_wconf 85' lang='lat' dir='ltr'>haec</span> <span class='ocrx_word' id='word_1_47' title='bbox 655 1036 721 1083; x_wconf 88' lang='lat' dir='ltr'>ita</span> <span class='ocrx_word' id='word_1_48' title='bbox 736 1035 796 1082; x_wconf 92' lang='lat' dir='ltr'>de</span> <span class='ocrx_word' id='word_1_49' title='bbox 817 1034 1106 1100; x_wconf 79' lang='lat' dir='ltr'>principissae</span> <span class='ocrx_word' id='word_1_50' title='bbox 1129 1043 1250 1082; x_wconf 84' lang='lat' dir='ltr'>statu</span> <span class='ocrx_word' id='word_1_51' title='bbox 1284 1052 1574 1103; x_wconf 89' lang='lat' dir='ltr'>suarumque</span> 
     </span>
     <span class='ocr_line' id='line_1_9' title="bbox 153 1112 1580 1179; baseline -0.001 -14"><span class='ocrx_word' id='word_1_52' title='bbox 153 1126 388 1165; x_wconf 80' lang='lat' dir='ltr'>terrarum</span> <span class='ocrx_word' id='word_1_53' title='bbox 426 1114 516 1164; x_wconf 91' lang='lat' dir='ltr'>sub</span> <span class='ocrx_word' id='word_1_54' title='bbox 561 1114 702 1163; x_wconf 85' lang='lat' dir='ltr'>variis</span> <span class='ocrx_word' id='word_1_55' title='bbox 742 1113 1030 1179; x_wconf 89' lang='lat' dir='ltr'>opinionum</span> <span class='ocrx_word' id='word_1_56' title='bbox 1073 1112 1397 1162; x_wconf 91' lang='lat' dir='ltr'>humanarum</span> <span class='ocrx_word' id='word_1_57' title='bbox 1440 1114 1580 1163; x_wconf 82' lang='lat' dir='ltr'>affec-</span> 
     </span>
     <span class='ocr_line' id='line_1_10' title="bbox 94 1189 1579 1254; baseline -0.002 -12"><span class='ocrx_word' id='word_1_58' title='bbox 94 1241 102 1247; x_wconf 79' lang='lat'><em>,</em></span> <span class='ocrx_word' id='word_1_59' title='bbox 154 1190 366 1242; x_wconf 84' lang='lat' dir='ltr'>tionibus</span> <span class='ocrx_word' id='word_1_60' title='bbox 409 1190 695 1240; x_wconf 79' lang='lat' dir='ltr'>fluctuarent</span> <span class='ocrx_word' id='word_1_61' title='bbox 708 1227 721 1251; x_wconf 91' lang='lat'>‚</span> <span class='ocrx_word' id='word_1_62' title='bbox 763 1189 1103 1239; x_wconf 86' lang='lat' dir='ltr'>illustrissimus</span> <span class='ocrx_word' id='word_1_63' title='bbox 1141 1191 1441 1254; x_wconf 85' lang='lat' dir='ltr'>Fredericus‚</span> <span class='ocrx_word' id='word_1_64' title='bbox 1483 1192 1579 1239; x_wconf 83' lang='lat' dir='ltr'>dux</span> 
     </span>
     <span class='ocr_line' id='line_1_11' title="bbox 156 1268 1580 1332; baseline -0.001 -12"><span class='ocrx_word' id='word_1_65' title='bbox 156 1271 350 1330; x_wconf 73' lang='lat' dir='ltr'>Austiiae</span> <span class='ocrx_word' id='word_1_66' title='bbox 395 1270 819 1332; x_wconf 72' lang='lat' dir='ltr'>Romanorumque</span> <span class='ocrx_word' id='word_1_67' title='bbox 862 1268 1138 1332; x_wconf 83' lang='lat' dir='ltr'>imperator,</span> <span class='ocrx_word' id='word_1_68' title='bbox 1183 1286 1283 1321; x_wconf 87' lang='lat' dir='ltr'>non</span> <span class='ocrx_word' id='word_1_69' title='bbox 1325 1270 1580 1319; x_wconf 87' lang='lat' dir='ltr'>immemor</span> 
     </span>
     <span class='ocr_line' id='line_1_12' title="bbox 156 1345 1577 1414; baseline -0.001 -18"><span class='ocrx_word' id='word_1_70' title='bbox 156 1348 474 1414; x_wconf 86' lang='lat' dir='ltr'>sponsionum</span> <span class='ocrx_word' id='word_1_71' title='bbox 495 1356 543 1393; x_wconf 85' lang='lat' dir='ltr'>et</span> <span class='ocrx_word' id='word_1_72' title='bbox 565 1346 868 1411; x_wconf 89' lang='lat' dir='ltr'>pactionum,</span> <span class='ocrx_word' id='word_1_73' title='bbox 897 1361 1003 1409; x_wconf 86' lang='lat' dir='ltr'>quae</span> <span class='ocrx_word' id='word_1_74' title='bbox 1022 1345 1147 1393; x_wconf 86' lang='lat' dir='ltr'>inter</span> <span class='ocrx_word' id='word_1_75' title='bbox 1173 1363 1223 1394; x_wconf 89' lang='lat' dir='ltr'>se</span> <span class='ocrx_word' id='word_1_76' title='bbox 1254 1355 1303 1394; x_wconf 89' lang='lat' dir='ltr'>et</span> <span class='ocrx_word' id='word_1_77' title='bbox 1327 1348 1577 1410; x_wconf 81' lang='lat' dir='ltr'>Carolum,</span> 
     </span>
     <span class='ocr_line' id='line_1_13' title="bbox 157 1422 1582 1490; baseline -0.001 -16"><span class='ocrx_word' id='word_1_78' title='bbox 157 1426 438 1474; x_wconf 87' lang='lat' dir='ltr'>defunctum</span> <span class='ocrx_word' id='word_1_79' title='bbox 471 1433 655 1489; x_wconf 86' lang='lat' dir='ltr'>patrem</span> <span class='ocrx_word' id='word_1_80' title='bbox 693 1423 907 1486; x_wconf 91' lang='lat' dir='ltr'>ejusdem</span> <span class='ocrx_word' id='word_1_81' title='bbox 942 1422 1255 1489; x_wconf 68' lang='lat' dir='ltr'>principissae,</span> <span class='ocrx_word' id='word_1_82' title='bbox 1289 1425 1435 1490; x_wconf 90' lang='lat' dir='ltr'>paulo</span> <span class='ocrx_word' id='word_1_83' title='bbox 1471 1435 1582 1483; x_wconf 87' lang='lat' dir='ltr'>ante</span> 
     </span>
     <span class='ocr_line' id='line_1_14' title="bbox 158 1498 1584 1567; baseline 0 -16"><span class='ocrx_word' id='word_1_84' title='bbox 158 1501 332 1552; x_wconf 82' lang='lat' dir='ltr'>habitae</span> <span class='ocrx_word' id='word_1_85' title='bbox 365 1501 551 1550; x_wconf 80' lang='lat' dir='ltr'>fuerant</span> <span class='ocrx_word' id='word_1_86' title='bbox 570 1503 586 1525; x_wconf 78' lang='lat'>²</span> <span class='ocrx_word' id='word_1_87' title='bbox 600 1538 614 1562; x_wconf 93' lang='lat'>‚</span> <span class='ocrx_word' id='word_1_88' title='bbox 649 1501 759 1548; x_wconf 87' lang='lat' dir='ltr'>licet</span> <span class='ocrx_word' id='word_1_89' title='bbox 792 1509 975 1547; x_wconf 86' lang='lat' dir='ltr'>remote</span> <span class='ocrx_word' id='word_1_90' title='bbox 1014 1498 1159 1564; x_wconf 86' lang='lat' dir='ltr'>agens</span> <span class='ocrx_word' id='word_1_91' title='bbox 1191 1501 1322 1567; x_wconf 92' lang='lat' dir='ltr'>apud</span> <span class='ocrx_word' id='word_1_92' title='bbox 1348 1503 1584 1551; x_wconf 87' lang='lat' dir='ltr'>Viennam</span> 
     </span>
     <span class='ocr_line' id='line_1_15' title="bbox 158 1576 1586 1645; baseline -0.002 -14"><span class='ocrx_word' id='word_1_93' title='bbox 158 1579 374 1641; x_wconf 62' lang='lat' dir='ltr'>sumine,</span> <span class='ocrx_word' id='word_1_94' title='bbox 399 1578 579 1642; x_wconf 86' lang='lat' dir='ltr'>legatos</span> <span class='ocrx_word' id='word_1_95' title='bbox 601 1593 713 1624; x_wconf 93' lang='lat' dir='ltr'>suos</span> <span class='ocrx_word' id='word_1_96' title='bbox 747 1576 998 1624; x_wconf 86' lang='lat' dir='ltr'>destinavit</span> <span class='ocrx_word' id='word_1_97' title='bbox 1020 1577 1305 1625; x_wconf 84' lang='lat' dir='ltr'>Gandavum</span> <span class='ocrx_word' id='word_1_98' title='bbox 1331 1578 1394 1627; x_wconf 91' lang='lat' dir='ltr'>ad</span> <span class='ocrx_word' id='word_1_99' title='bbox 1414 1580 1586 1645; x_wconf 89' lang='lat' dir='ltr'>princi-</span> 
     </span>
     <span class='ocr_line' id='line_1_16' title="bbox 159 1655 1586 1724; baseline -0.007 -17"><span class='ocrx_word' id='word_1_100' title='bbox 159 1658 336 1724; x_wconf 79' lang='lat' dir='ltr'>pissam</span> <span class='ocrx_word' id='word_1_101' title='bbox 358 1666 407 1704; x_wconf 77' lang='lat' dir='ltr'>et</span> <span class='ocrx_word' id='word_1_102' title='bbox 427 1655 680 1721; x_wconf 87' lang='lat' dir='ltr'>deputatos</span> <span class='ocrx_word' id='word_1_103' title='bbox 711 1664 946 1702; x_wconf 88' lang='lat' dir='ltr'>terrarum</span> <span class='ocrx_word' id='word_1_104' title='bbox 975 1670 1197 1716; x_wconf 87' lang='lat' dir='ltr'>suarum,</span> <span class='ocrx_word' id='word_1_105' title='bbox 1238 1657 1345 1720; x_wconf 87' lang='lat' dir='ltr'>qui,</span> <span class='ocrx_word' id='word_1_106' title='bbox 1377 1657 1446 1703; x_wconf 83' lang='lat' dir='ltr'>uti</span> <span class='ocrx_word' id='word_1_107' title='bbox 1470 1657 1586 1705; x_wconf 85' lang='lat' dir='ltr'>dixi..</span> 
     </span>
     <span class='ocr_line' id='line_1_17' title="bbox 161 1735 765 1797; baseline -0.007 -13"><span class='ocrx_word' id='word_1_108' title='bbox 161 1752 293 1797; x_wconf 84' lang='lat' dir='ltr'>mus,</span> <span class='ocrx_word' id='word_1_109' title='bbox 318 1735 402 1782; x_wconf 91' lang='lat' dir='ltr'>illo</span> <span class='ocrx_word' id='word_1_110' title='bbox 422 1742 765 1782; x_wconf 81' lang='lat' dir='ltr'>convenerant.</span> 
     </span>
    </p>

    <p class='ocr_par' dir='ltr' id='par_1_6' title="bbox 164 1810 1586 2033">
     <span class='ocr_line' id='line_1_18' title="bbox 228 1810 1586 1875; baseline 0 -14"><span class='ocrx_word' id='word_1_111' title='bbox 228 1815 374 1861; x_wconf 84' lang='lat' dir='ltr'>Erant</span> <span class='ocrx_word' id='word_1_112' title='bbox 416 1821 575 1860; x_wconf 87' lang='lat' dir='ltr'>autem</span> <span class='ocrx_word' id='word_1_113' title='bbox 619 1810 906 1875; x_wconf 86' lang='lat' dir='ltr'>principales</span> <span class='ocrx_word' id='word_1_114' title='bbox 943 1810 993 1856; x_wconf 90' lang='lat' dir='ltr'>in</span> <span class='ocrx_word' id='word_1_115' title='bbox 1030 1826 1086 1857; x_wconf 92' lang='lat' dir='ltr'>ea</span> <span class='ocrx_word' id='word_1_116' title='bbox 1122 1810 1357 1874; x_wconf 88' lang='lat' dir='ltr'>legatione</span> <span class='ocrx_word' id='word_1_117' title='bbox 1395 1813 1586 1861; x_wconf 88' lang='lat' dir='ltr'>illustris</span> 
     </span>
     <span class='ocr_line' id='line_1_19' title="bbox 165 1887 1583 1955; baseline 0 -16"><span class='ocrx_word' id='word_1_118' title='bbox 165 1890 455 1954; x_wconf 83' lang='lat' dir='ltr'>Ludovicus,</span> <span class='ocrx_word' id='word_1_119' title='bbox 483 1889 580 1936; x_wconf 85' lang='lat' dir='ltr'>dux</span> <span class='ocrx_word' id='word_1_120' title='bbox 609 1887 812 1951; x_wconf 71' lang='lat' dir='ltr'>Bavariae</span> <span class='ocrx_word' id='word_1_121' title='bbox 826 1923 839 1947; x_wconf 94' lang='lat'>,</span> <span class='ocrx_word' id='word_1_122' title='bbox 876 1896 924 1933; x_wconf 91' lang='lat' dir='ltr'>et</span> <span class='ocrx_word' id='word_1_123' title='bbox 957 1887 1210 1952; x_wconf 90' lang='lat' dir='ltr'>episcopus</span> <span class='ocrx_word' id='word_1_124' title='bbox 1233 1891 1472 1949; x_wconf 86' lang='lat' dir='ltr'>Metensis,</span> <span class='ocrx_word' id='word_1_125' title='bbox 1499 1893 1583 1955; x_wconf 87' lang='lat' dir='ltr'>qui</span> 
     </span>
     <span class='ocr_line' id='line_1_20' title="bbox 164 1963 1584 2033; baseline -0.007 -17"><span class='ocrx_word' id='word_1_126' title='bbox 164 1968 333 2033; x_wconf 81' lang='lat' dir='ltr'>etipse</span> <span class='ocrx_word' id='word_1_127' title='bbox 353 1976 455 2015; x_wconf 82' lang='lat' dir='ltr'>erat</span> <span class='ocrx_word' id='word_1_128' title='bbox 492 1965 554 2013; x_wconf 89' lang='lat' dir='ltr'>de</span> <span class='ocrx_word' id='word_1_129' title='bbox 598 1964 766 2012; x_wconf 86' lang='lat' dir='ltr'>illustri</span> <span class='ocrx_word' id='word_1_130' title='bbox 807 1963 985 2012; x_wconf 75' lang='lat' dir='ltr'>familia</span> <span class='ocrx_word' id='word_1_131' title='bbox 1023 1979 1080 2012; x_wconf 89' lang='lat' dir='ltr'>ac</span> <span class='ocrx_word' id='word_1_132' title='bbox 1103 1965 1326 2030; x_wconf 88' lang='lat' dir='ltr'>prosapia</span> <span class='ocrx_word' id='word_1_133' title='bbox 1346 1968 1584 2016; x_wconf 89' lang='lat' dir='ltr'>marchio-</span> 
     </span>
    </p>
   </div>
   <div class='ocr_carea' id='block_1_6' title="bbox 218 2123 617 2164">
    <p class='ocr_par' dir='ltr' id='par_1_7' title="bbox 218 2123 617 2164">
     <span class='ocr_line' id='line_1_21' title="bbox 218 2123 617 2164; baseline -0.013 -2"><span class='ocrx_word' id='word_1_134' title='bbox 218 2126 258 2164; x_wconf 73' lang='lat'>¹.</span> <span class='ocrx_word' id='word_1_135' title='bbox 290 2123 418 2161; x_wconf 71' lang='lat' dir='ltr'>Plutot</span> <span class='ocrx_word' id='word_1_136' title='bbox 437 2133 617 2159; x_wconf 66' lang='lat' dir='ltr'>remenso.</span> 
     </span>
    </p>
   </div>
   <div class='ocr_carea' id='block_1_7' title="bbox 166 2181 1589 2502">
    <p class='ocr_par' dir='ltr' id='par_1_8' title="bbox 166 2181 1589 2488">
     <span class='ocr_line' id='line_1_22' title="bbox 219 2181 1587 2239; baseline 0 -15"><span class='ocrx_word' id='word_1_137' title='bbox 219 2188 261 2227; x_wconf 64' lang='grc' dir='ltr'>Β.</span> <span class='ocrx_word' id='word_1_138' title='bbox 289 2185 331 2226; x_wconf 91' lang='lat' dir='ltr'>L&#39;</span> <span class='ocrx_word' id='word_1_139' title='bbox 333 2193 485 2231; x_wconf 79' lang='lat' dir='ltr'>auteur,</span> <span class='ocrx_word' id='word_1_140' title='bbox 496 2192 535 2221; x_wconf 85' lang='lat' dir='ltr'>et</span> <span class='ocrx_word' id='word_1_141' title='bbox 548 2191 632 2221; x_wconf 76' lang='lat' dir='ltr'>tout</span> <span class='ocrx_word' id='word_1_142' title='bbox 647 2183 684 2220; x_wconf 85' lang='lat' dir='ltr'>le</span> <span class='ocrx_word' id='word_1_143' title='bbox 696 2182 859 2221; x_wconf 88' lang='lat' dir='ltr'>monde&#39;</span> <span class='ocrx_word' id='word_1_144' title='bbox 844 2195 961 2234; x_wconf 88' lang='lat' dir='ltr'>Jusqu</span> <span class='ocrx_word' id='word_1_145' title='bbox 962 2182 1071 2221; x_wconf 70' lang='lat' dir='ltr'>’aces</span> <span class='ocrx_word' id='word_1_146' title='bbox 1082 2181 1254 2222; x_wconf 85' lang='lat' dir='ltr'>derniers</span> <span class='ocrx_word' id='word_1_147' title='bbox 1266 2192 1404 2236; x_wconf 86' lang='lat' dir='ltr'>temps,</span> <span class='ocrx_word' id='word_1_148' title='bbox 1418 2198 1443 2224; x_wconf 85' lang='lat' dir='ltr'>a</span> <span class='ocrx_word' id='word_1_149' title='bbox 1452 2186 1587 2239; x_wconf 64' lang='lat' dir='ltr'>ignore</span> 
     </span>
     <span class='ocr_line' id='line_1_23' title="bbox 166 2244 1587 2302; baseline 0.002 -16"><span class='ocrx_word' id='word_1_150' title='bbox 166 2263 221 2302; x_wconf 82' lang='lat' dir='ltr'>qu</span> <span class='ocrx_word' id='word_1_151' title='bbox 220 2248 261 2288; x_wconf 89' lang='lat' dir='ltr'>’il</span> <span class='ocrx_word' id='word_1_152' title='bbox 270 2247 376 2289; x_wconf 65' lang='lat' dir='ltr'>avait</span> <span class='ocrx_word' id='word_1_153' title='bbox 390 2246 451 2285; x_wconf 66' lang='lat' dir='ltr'>ete</span> <span class='ocrx_word' id='word_1_154' title='bbox 464 2244 641 2297; x_wconf 87' lang='lat' dir='ltr'>question</span> <span class='ocrx_word' id='word_1_155' title='bbox 653 2244 702 2283; x_wconf 86' lang='lat' dir='ltr'>de</span> <span class='ocrx_word' id='word_1_156' title='bbox 714 2257 760 2282; x_wconf 87' lang='lat' dir='ltr'>ce</span> <span class='ocrx_word' id='word_1_157' title='bbox 771 2244 939 2296; x_wconf 85' lang='lat' dir='ltr'>mariage</span> <span class='ocrx_word' id='word_1_158' title='bbox 949 2244 1019 2283; x_wconf 87' lang='lat' dir='ltr'>des</span> <span class='ocrx_word' id='word_1_159' title='bbox 1036 2244 1060 2282; x_wconf 87' lang='lat' dir='ltr'>l&#39;</span> <span class='ocrx_word' id='word_1_160' title='bbox 1063 2257 1188 2284; x_wconf 86' lang='lat' dir='ltr'>annee</span> <span class='ocrx_word' id='word_1_161' title='bbox 1207 2249 1224 2284; x_wconf 78' lang='lat'>1</span> <span class='ocrx_word' id='word_1_162' title='bbox 1234 2248 1327 2286; x_wconf 57' lang='lat'><strong>1170.</strong></span> <span class='ocrx_word' id='word_1_163' title='bbox 1342 2247 1432 2286; x_wconf 83' lang='lat' dir='ltr'>Cela</span> <span class='ocrx_word' id='word_1_164' title='bbox 1445 2249 1587 2289; x_wconf 61' lang='lat' dir='ltr'>rosulte</span> 
     </span>
     <span class='ocr_line' id='line_1_24' title="bbox 168 2301 1589 2363; baseline 0.002 -15"><span class='ocrx_word' id='word_1_165' title='bbox 168 2312 236 2352; x_wconf 76' lang='lat' dir='ltr'>des</span> <span class='ocrx_word' id='word_1_166' title='bbox 258 2310 411 2363; x_wconf 81' lang='lat' dir='ltr'>papiers</span> <span class='ocrx_word' id='word_1_167' title='bbox 433 2309 469 2347; x_wconf 86' lang='lat' dir='ltr'>d’</span> <span class='ocrx_word' id='word_1_168' title='bbox 473 2301 560 2347; x_wconf 69' lang='lat' dir='ltr'>Etat</span> <span class='ocrx_word' id='word_1_169' title='bbox 586 2320 662 2359; x_wconf 90' lang='lat' dir='ltr'>que</span> <span class='ocrx_word' id='word_1_170' title='bbox 683 2306 916 2346; x_wconf 68' lang='lat' dir='ltr'>l‘Acade&#39;emie</span> <span class='ocrx_word' id='word_1_171' title='bbox 933 2308 1137 2359; x_wconf 81' lang='lat' dir='ltr'>Imperiale</span> <span class='ocrx_word' id='word_1_172' title='bbox 1161 2308 1209 2347; x_wconf 90' lang='lat' dir='ltr'>de</span> <span class='ocrx_word' id='word_1_173' title='bbox 1227 2309 1373 2348; x_wconf 85' lang='lat' dir='ltr'>Vienne</span> <span class='ocrx_word' id='word_1_174' title='bbox 1390 2324 1414 2349; x_wconf 89' lang='lat' dir='ltr'>a</span> <span class='ocrx_word' id='word_1_175' title='bbox 1437 2311 1589 2363; x_wconf 85' lang='lat' dir='ltr'>publies</span> 
     </span>
     <span class='ocr_line' id='line_1_25' title="bbox 169 2368 1584 2424; baseline 0.001 -14"><span class='ocrx_word' id='word_1_176' title='bbox 169 2373 403 2423; x_wconf 69' lang='grc' dir='ltr'><strong>πόρρμιειιῑ</strong></span> <span class='ocrx_word' id='word_1_177' title='bbox 419 2383 509 2410; x_wconf 87' lang='lat' dir='ltr'>sous</span> <span class='ocrx_word' id='word_1_178' title='bbox 526 2370 564 2408; x_wconf 89' lang='lat' dir='ltr'>le</span> <span class='ocrx_word' id='word_1_179' title='bbox 581 2370 668 2408; x_wconf 87' lang='lat' dir='ltr'>titre</span> <span class='ocrx_word' id='word_1_180' title='bbox 686 2369 734 2408; x_wconf 89' lang='lat' dir='ltr'>de</span> <span class='ocrx_word' id='word_1_181' title='bbox 746 2372 993 2408; x_wconf 77' lang='lat' dir='ltr'>Monumenea</span> <span class='ocrx_word' id='word_1_182' title='bbox 1005 2368 1266 2422; x_wconf 79' lang='lat' dir='ltr'>Habsburgica</span> <span class='ocrx_word' id='word_1_183' title='bbox 1279 2374 1344 2419; x_wconf 71' lang='lat'>(1⁸0</span> <span class='ocrx_word' id='word_1_184' title='bbox 1361 2381 1474 2421; x_wconf 67' lang='lat' dir='ltr'>sect„</span> <span class='ocrx_word' id='word_1_185' title='bbox 1491 2382 1519 2413; x_wconf 88' lang='lat' dir='ltr'>t.</span> <span class='ocrx_word' id='word_1_186' title='bbox 1536 2377 1584 2424; x_wconf 88' lang='lat'>1).</span> 
     </span>
     <span class='ocr_line' id='line_1_26' title="bbox 167 2431 1587 2502; baseline 0.002 -30"><span class='ocrx_word' id='word_1_187' title='bbox 167 2439 345 2488; x_wconf 61' lang='lat' dir='ltr'>Rom</span> <span class='ocrx_word' id='word_1_188' title='bbox 367 2446 480 2502; x_wconf 69' lang='lat' dir='ltr'>apres</span> <span class='ocrx_word' id='word_1_189' title='bbox 508 2433 720 2472; x_wconf 76' lang='lat' dir='ltr'>lenttevue</span> <span class='ocrx_word' id='word_1_190' title='bbox 744 2431 794 2470; x_wconf 91' lang='lat' dir='ltr'>de</span> <span class='ocrx_word' id='word_1_191' title='bbox 814 2433 975 2479; x_wconf 60' lang='lat' dir='ltr'>Triwes,</span> <span class='ocrx_word' id='word_1_192' title='bbox 1001 2440 1101 2470; x_wconf 84' lang='lat' dir='ltr'>cette</span> <span class='ocrx_word' id='word_1_193' title='bbox 1122 2432 1285 2471; x_wconf 85' lang='lat' dir='ltr'>alliance</span> <span class='ocrx_word' id='word_1_194' title='bbox 1307 2433 1365 2472; x_wconf 84' lang='lat' dir='ltr'>fut</span> <span class='ocrx_word' id='word_1_195' title='bbox 1381 2436 1519 2474; x_wconf 85' lang='lat' dir='ltr'>remise</span> <span class='ocrx_word' id='word_1_196' title='bbox 1538 2449 1587 2475; x_wconf 87' lang='lat' dir='ltr'>en</span> 
     </span>
    </p>
   </div>
   <div class='ocr_carea' id='block_1_8' title="bbox 170 2493 1592 2608">
    <p class='ocr_par' dir='ltr' id='par_1_9' title="bbox 170 2493 1592 2608">
     <span class='ocr_line' id='line_1_27' title="bbox 170 2493 1592 2548; baseline 0.001 -13"><span class='ocrx_word' id='word_1_197' title='bbox 170 2504 287 2546; x_wconf 61' lang='lat' dir='ltr'>avant</span> <span class='ocrx_word' id='word_1_198' title='bbox 303 2497 327 2544; x_wconf 56' lang='grc' dir='ltr'><strong>ᾖ</strong></span> <span class='ocrx_word' id='word_1_199' title='bbox 343 2495 382 2535; x_wconf 69' lang='lat' dir='ltr'>la</span> <span class='ocrx_word' id='word_1_200' title='bbox 398 2494 491 2547; x_wconf 79' lang='lat' dir='ltr'>paix</span> <span class='ocrx_word' id='word_1_201' title='bbox 506 2493 556 2533; x_wconf 87' lang='lat' dir='ltr'>de</span> <span class='ocrx_word' id='word_1_202' title='bbox 569 2496 707 2541; x_wconf 81' lang='lat' dir='ltr'>Neuss,</span> <span class='ocrx_word' id='word_1_203' title='bbox 726 2503 765 2532; x_wconf 86' lang='lat' dir='ltr'>et</span> <span class='ocrx_word' id='word_1_204' title='bbox 781 2494 818 2532; x_wconf 89' lang='lat' dir='ltr'>le</span> <span class='ocrx_word' id='word_1_205' title='bbox 837 2495 861 2532; x_wconf 85' lang='grc'><strong>6</strong></span> <span class='ocrx_word' id='word_1_206' title='bbox 874 2494 950 2532; x_wconf 88' lang='lat' dir='ltr'>mai</span> <span class='ocrx_word' id='word_1_207' title='bbox 970 2497 1074 2533; x_wconf 73' lang='lat'><strong>1476</strong></span> <span class='ocrx_word' id='word_1_208' title='bbox 1096 2495 1133 2533; x_wconf 90' lang='lat' dir='ltr'>le</span> <span class='ocrx_word' id='word_1_209' title='bbox 1149 2494 1225 2533; x_wconf 86' lang='lat' dir='ltr'>duc</span> <span class='ocrx_word' id='word_1_210' title='bbox 1242 2495 1280 2534; x_wconf 75' lang='lat' dir='ltr'>la</span> <span class='ocrx_word' id='word_1_211' title='bbox 1293 2495 1425 2548; x_wconf 77' lang='lat' dir='ltr'>publia</span> <span class='ocrx_word' id='word_1_212' title='bbox 1440 2510 1592 2537; x_wconf 85' lang='lat' dir='ltr'>comme</span> 
     </span>
     <span class='ocr_line' id='line_1_28' title="bbox 172 2557 1589 2608; baseline 0.001 -11"><span class='ocrx_word' id='word_1_213' title='bbox 172 2558 315 2597; x_wconf 78' lang='lat' dir='ltr'>devant</span> <span class='ocrx_word' id='word_1_214' title='bbox 331 2570 373 2596; x_wconf 81' lang='lat' dir='ltr'>se</span> <span class='ocrx_word' id='word_1_215' title='bbox 394 2557 490 2595; x_wconf 77' lang='lat' dir='ltr'>faire</span> <span class='ocrx_word' id='word_1_216' title='bbox 506 2558 528 2594; x_wconf 70' lang='lat' dir='ltr'>a</span> <span class='ocrx_word' id='word_1_217' title='bbox 546 2557 745 2608; x_wconf 86' lang='lat' dir='ltr'>Cologne</span> <span class='ocrx_word' id='word_1_218' title='bbox 733 2570 756 2594; x_wconf 87' lang='lat' dir='ltr'>a</span> <span class='ocrx_word' id='word_1_219' title='bbox 775 2557 812 2595; x_wconf 87' lang='lat' dir='ltr'>la</span> <span class='ocrx_word' id='word_1_220' title='bbox 833 2557 887 2595; x_wconf 89' lang='lat' dir='ltr'>fin</span> <span class='ocrx_word' id='word_1_221' title='bbox 905 2557 953 2595; x_wconf 92' lang='lat' dir='ltr'>de</span> <span class='ocrx_word' id='word_1_222' title='bbox 979 2557 1130 2596; x_wconf 84' lang='lat' dir='ltr'>l&#39;annee</span> <span class='ocrx_word' id='word_1_223' title='bbox 1143 2587 1155 2606; x_wconf 91' lang='lat'>,</span> <span class='ocrx_word' id='word_1_224' title='bbox 1174 2558 1245 2595; x_wconf 93' lang='lat' dir='ltr'>le</span> <span class='ocrx_word' id='word_1_225' title='bbox 1230 2571 1322 2605; x_wconf 86' lang='lat' dir='ltr'>Jour</span> <span class='ocrx_word' id='word_1_226' title='bbox 1338 2558 1387 2597; x_wconf 88' lang='lat' dir='ltr'>de</span> <span class='ocrx_word' id='word_1_227' title='bbox 1403 2559 1443 2598; x_wconf 84' lang='lat' dir='ltr'>la</span> <span class='ocrx_word' id='word_1_228' title='bbox 1464 2561 1589 2599; x_wconf 84' lang='lat' dir='ltr'>Saint-</span> 
     </span>
    </p>
   </div>
   <div class='ocr_carea' id='block_1_9' title="bbox 172 2618 1595 2924">
    <p class='ocr_par' dir='ltr' id='par_1_10' title="bbox 172 2618 1595 2924">
     <span class='ocr_line' id='line_1_29' title="bbox 172 2618 1592 2674; baseline 0.001 -13"><span class='ocrx_word' id='word_1_229' title='bbox 172 2621 326 2661; x_wconf 72' lang='lat' dir='ltr'>nan-tin.</span> <span class='ocrx_word' id='word_1_230' title='bbox 355 2619 457 2659; x_wconf 63' lang='lat' dir='ltr'>C’oet</span> <span class='ocrx_word' id='word_1_231' title='bbox 473 2621 497 2658; x_wconf 68' lang='grc' dir='ltr'>ὲ</span> <span class='ocrx_word' id='word_1_232' title='bbox 513 2627 612 2657; x_wconf 84' lang='lat' dir='ltr'>cette</span> <span class='ocrx_word' id='word_1_233' title='bbox 635 2618 871 2671; x_wconf 78' lang='lat' dir='ltr'>publication</span> <span class='ocrx_word' id='word_1_234' title='bbox 894 2633 971 2671; x_wconf 85' lang='lat' dir='ltr'>que</span> <span class='ocrx_word' id='word_1_235' title='bbox 989 2632 1030 2658; x_wconf 85' lang='lat' dir='ltr'>se</span> <span class='ocrx_word' id='word_1_236' title='bbox 1048 2629 1274 2672; x_wconf 77' lang='lat' dir='ltr'>rapportent</span> <span class='ocrx_word' id='word_1_237' title='bbox 1296 2622 1351 2660; x_wconf 89' lang='lat' dir='ltr'>les</span> <span class='ocrx_word' id='word_1_238' title='bbox 1376 2624 1525 2674; x_wconf 76' lang='lat' dir='ltr'>pai-oles</span> <span class='ocrx_word' id='word_1_239' title='bbox 1543 2625 1592 2663; x_wconf 86' lang='lat' dir='ltr'>de</span> 
     </span>
     <span class='ocr_line' id='line_1_30' title="bbox 172 2680 1594 2737; baseline 0.001 -14"><span class='ocrx_word' id='word_1_240' title='bbox 172 2683 338 2723; x_wconf 79' lang='lat' dir='ltr'>Thomas</span> <span class='ocrx_word' id='word_1_241' title='bbox 362 2681 492 2721; x_wconf 81' lang='lat' dir='ltr'>Basin.</span> <span class='ocrx_word' id='word_1_242' title='bbox 520 2683 594 2720; x_wconf 85' lang='lat' dir='ltr'>Les</span> <span class='ocrx_word' id='word_1_243' title='bbox 629 2680 855 2732; x_wconf 78' lang='lat' dir='ltr'>documents</span> <span class='ocrx_word' id='word_1_244' title='bbox 887 2681 1120 2721; x_wconf 80' lang='lat' dir='ltr'>auu-ichiens</span> <span class='ocrx_word' id='word_1_245' title='bbox 1145 2682 1393 2722; x_wconf 73' lang='lat' dir='ltr'>contiennent</span> <span class='ocrx_word' id='word_1_246' title='bbox 1429 2685 1478 2723; x_wconf 86' lang='lat' dir='ltr'>de</span> <span class='ocrx_word' id='word_1_247' title='bbox 1507 2686 1594 2737; x_wconf 87' lang='lat' dir='ltr'>plus</span> 
     </span>
     <span class='ocr_line' id='line_1_31' title="bbox 175 2744 1593 2798; baseline 0.001 -13"><span class='ocrx_word' id='word_1_248' title='bbox 175 2759 253 2786; x_wconf 88' lang='lat' dir='ltr'>une</span> <span class='ocrx_word' id='word_1_249' title='bbox 277 2746 388 2784; x_wconf 84' lang='lat' dir='ltr'>lettre</span> <span class='ocrx_word' id='word_1_250' title='bbox 415 2744 639 2796; x_wconf 69' lang='lat' dir='ltr'>desesperee</span> <span class='ocrx_word' id='word_1_251' title='bbox 671 2745 720 2798; x_wconf 56' lang='lat' dir='ltr'>gie</span> <span class='ocrx_word' id='word_1_252' title='bbox 747 2744 784 2782; x_wconf 85' lang='lat' dir='ltr'>la</span> <span class='ocrx_word' id='word_1_253' title='bbox 809 2744 1003 2796; x_wconf 64' lang='lat' dir='ltr'>princaese</span> <span class='ocrx_word' id='word_1_254' title='bbox 1031 2746 1054 2782; x_wconf 69' lang='lat' dir='ltr'>a</span> <span class='ocrx_word' id='word_1_255' title='bbox 1082 2758 1152 2788; x_wconf 82' lang='lat' dir='ltr'>son</span> <span class='ocrx_word' id='word_1_256' title='bbox 1178 2746 1322 2793; x_wconf 71' lang='lat' dir='ltr'>fiance,</span> <span class='ocrx_word' id='word_1_257' title='bbox 1350 2759 1396 2784; x_wconf 89' lang='lat' dir='ltr'>en</span> <span class='ocrx_word' id='word_1_258' title='bbox 1424 2748 1512 2787; x_wconf 85' lang='lat' dir='ltr'>date</span> <span class='ocrx_word' id='word_1_259' title='bbox 1542 2748 1593 2786; x_wconf 93' lang='lat' dir='ltr'>du</span> 
     </span>
     <span class='ocr_line' id='line_1_32' title="bbox 176 2806 1595 2862; baseline 0 -15"><span class='ocrx_word' id='word_1_260' title='bbox 176 2811 227 2847; x_wconf 77' lang='lat'>26</span> <span class='ocrx_word' id='word_1_261' title='bbox 247 2821 349 2846; x_wconf 87' lang='lat' dir='ltr'>mars</span> <span class='ocrx_word' id='word_1_262' title='bbox 380 2809 501 2854; x_wconf 69' lang='lat'><strong>¹477,</strong></span> <span class='ocrx_word' id='word_1_263' title='bbox 529 2820 629 2858; x_wconf 87' lang='lat' dir='ltr'>pour</span> <span class='ocrx_word' id='word_1_264' title='bbox 653 2806 747 2858; x_wconf 88' lang='lat' dir='ltr'>qu&#39;il</span> <span class='ocrx_word' id='word_1_265' title='bbox 778 2818 820 2845; x_wconf 85' lang='lat' dir='ltr'>se</span> <span class='ocrx_word' id='word_1_266' title='bbox 848 2819 979 2858; x_wconf 54' lang='lat' dir='ltr'>presse</span> <span class='ocrx_word' id='word_1_267' title='bbox 1002 2806 1052 2844; x_wconf 87' lang='lat' dir='ltr'>de</span> <span class='ocrx_word' id='word_1_268' title='bbox 1079 2807 1203 2853; x_wconf 81' lang='lat' dir='ltr'>venir,</span> <span class='ocrx_word' id='word_1_269' title='bbox 1235 2807 1292 2845; x_wconf 89' lang='lat' dir='ltr'>s&#39;il</span> <span class='ocrx_word' id='word_1_270' title='bbox 1321 2821 1371 2845; x_wconf 87' lang='lat' dir='ltr'>ne</span> <span class='ocrx_word' id='word_1_271' title='bbox 1404 2819 1492 2847; x_wconf 65' lang='lat' dir='ltr'>veut</span> <span class='ocrx_word' id='word_1_272' title='bbox 1526 2823 1595 2862; x_wconf 74' lang='lat' dir='ltr'>pas</span> 
     </span>
     <span class='ocr_line' id='line_1_33' title="bbox 176 2868 998 2924; baseline 0 -15"><span class='ocrx_word' id='word_1_273' title='bbox 176 2870 315 2924; x_wconf 75' lang='lat' dir='ltr'>qu&#39;etle</span> <span class='ocrx_word' id='word_1_274' title='bbox 333 2870 405 2907; x_wconf 81' lang='lat' dir='ltr'>soit</span> <span class='ocrx_word' id='word_1_275' title='bbox 427 2869 643 2920; x_wconf 76' lang='lat' dir='ltr'>depouillee</span> <span class='ocrx_word' id='word_1_276' title='bbox 661 2869 709 2906; x_wconf 89' lang='lat' dir='ltr'>de</span> <span class='ocrx_word' id='word_1_277' title='bbox 727 2882 796 2907; x_wconf 84' lang='lat' dir='ltr'>son</span> <span class='ocrx_word' id='word_1_278' title='bbox 813 2868 998 2921; x_wconf 68' lang='lat' dir='ltr'>heringe.</span> 
     </span>
    </p>
   </div>
  </div>
 </body>
</html>
