2060 3392
629 289 775 327 LIBER
811 288 1064 326 SEPTIMUS.
1477 295 1494 330 1
1505 297 1525 331 7
1532 297 1553 332 7

142 384 286 439 atque
306 376 521 438 inimica,
548 375 822 442 deputanda
851 385 986 437 sunt,
1019 377 1223 424 maxime
1244 377 1329 426 ubi
1359 394 1417 426 ex
1442 380 1556 428 dolo

144 453 272 501 malo
316 463 364 501 et
402 455 626 502 ementita
668 452 763 501 fide
805 453 1045 501 ducuntur
1084 464 1132 502 et
1171 454 1552 521 proficiscuntur.

147 532 287 596 Atqui
322 532 372 580 in
399 542 498 581 tam
521 531 680 579 multis
702 547 837 578 suam
865 530 1108 579 stultitiam
1140 532 1300 598 palam
1336 535 1559 583 manifes-

146 609 299 671 tabat,
343 609 476 673 quod
514 626 626 656 eum
661 625 855 674 prorsus
891 624 1097 655 vacuum
1134 608 1275 657 fuisse
1306 611 1560 676 prudentia

147 687 305 735 nullus
323 689 426 734 sani
441 686 609 750 judicii
629 685 868 750 ambigere
886 695 1057 751 potest.
1084 688 1206 734 Cum
1227 688 1357 736 enim
1377 690 1562 754 sapien-

147 754 350 811 tissimus
376 763 603 811 Salomon
637 761 840 811 affirmet
871 762 1027 827 quod,
1067 763 1149 826 qui
1175 765 1452 830 priusquam
1484 783 1562 815 au-

147 840 285 888 dierit
318 840 598 906 respondet,
638 840 833 887 stultum
873 856 922 887 se
955 857 1055 887 esse
1081 840 1374 890 demonstrat
1405 842 1564 908 (quod

146 918 245 984 ipse
265 920 388 984 Saepe
411 929 458 966 et
482 917 751 983 frequenter
769 917 922 965 facere
948 918 1112 965 solitus
1136 919 1294 982 erat),
1320 920 1448 984 quis,
1468 922 1565 971 hoc

146 995 361 1059 cognitO,
382 995 557 1043 habeat
583 995 644 1042 de
667 996 767 1059 ejus
791 995 985 1042 stultitia
1002 994 1257 1044 dubitare?

210 1073 372 1121 Plures
395 1072 455 1120 de
476 1072 672 1120 diversis
689 1073 945 1137 provinciis
964 1073 1097 1136 regni
1117 1074 1179 1120 ad
1197 1090 1309 1123 eum
1331 1087 1568 1124 venerunt

145 1151 423 1215 legationes,
458 1167 549 1216 pro
588 1151 772 1213 magnis
814 1159 861 1197 et
897 1149 1058 1197 arduis
1090 1152 1242 1199 causis
1277 1163 1324 1201 et
1370 1156 1569 1217 negotiis

147 1237 320 1276 statum
331 1227 698 1294 provincialium
705 1226 1119 1275 concernentibus
1135 1229 1321 1286 Quibus
1336 1247 1447 1278 cum
1460 1231 1573 1281 data

146 1316 268 1354 esset
288 1306 484 1355 facultas
514 1323 677 1354 coram
709 1322 767 1353 eo
790 1306 1100 1371 comparendi
1137 1317 1185 1354 et
1217 1308 1459 1357 audientia
1492 1310 1572 1357 de-

147 1394 299 1443 creta,
323 1385 460 1449 quasi
485 1384 703 1432 omnium
731 1383 1024 1446 cogitatuum
1057 1400 1255 1432 suorum
1280 1395 1329 1432 et
1347 1385 1575 1434 dicendo·

148 1478 256 1509 rum
278 1478 364 1527 per
383 1478 466 1509 eos
499 1471 621 1509 esset
650 1460 895 1519 conscius,
929 1461 1061 1526 prior
1085 1461 1209 1526 ipse,
1234 1472 1465 1528 tanquam
1489 1474 1575 1529 per

150 1555 232 1587 eos
261 1538 362 1602 jam
390 1538 530 1586 dictis
561 1554 898 1603 responsurus,
931 1537 1079 1585 verba
1103 1538 1256 1587 facere
1287 1540 1570 1605 incipiebat,

150 1615 389 1663 interdum
411 1615 598 1681 probris
620 1624 669 1662 et
691 1615 991 1662 contumeliis
1015 1615 1156 1680 plena
1170 1653 1182 1675 ,
1209 1632 1321 1664 cum
1339 1619 1574 1666 stomachi

150 1692 294 1739 etiam
328 1691 500 1740 acerba
532 1691 858 1755 indignatione
890 1707 902 1736 t
932 1691 997 1738 ita
1024 1701 1078 1737 ut
1108 1692 1345 1757 supplices
1380 1695 1463 1757 qui
1497 1695 1578 1742 ad-

151 1778 398 1816 ventarant
423 1769 585 1833 legati,
617 1768 717 1831 ejus
740 1768 1065 1815 commotione
1091 1769 1300 1816 deterriti
1318 1806 1331 1830 ‚
1366 1770 1575 1834 plerum-

153 1859 246 1908 que
268 1844 401 1907 quod
419 1844 716 1908 prosecuturi
738 1844 934 1890 fuissent
955 1854 1002 1891 et
1021 1843 1177 1891 dicere
1198 1858 1571 1910 proposuerant,

155 1921 313 1985 potius
330 1921 566 1975 silendum
587 1920 816 1967 ducerent
838 1935 983 1983 quam
1019 1921 1401 1986 exprimendum.
1431 1925 1574 1981 Quod

153 1997 192 2045 si
212 1997 331 2044 forte
363 1998 430 2045 eis
460 2007 508 2044 et
533 1997 724 2045 dicendi
758 1997 950 2044 daretur
970 1998 1126 2060 locus,
1151 2009 1310 2046 tamen
1335 2001 1431 2060 vix,
1463 2019 1574 2049 cum

153 2075 404 2123 exordium
442 2075 767 2138 inchoassent,
807 2076 1011 2141 spatium
1042 2075 1103 2123 ad
1140 2076 1319 2141 aliquid
1347 2094 1577 2127 enarran-

154 2153 271 2200 dum
306 2151 751 2199 concludendumve
794 2151 1131 2216 praestabatur3
1173 2154 1256 2200 sed
1299 2155 1468 2219 saepius
1511 2156 1573 2204 ab

155 2245 214 2277 eo
250 2245 419 2276 eorum
448 2226 881 2293 interrumpebatur
915 2229 1099 2288 oratio,
1137 2239 1184 2276 et
1208 2239 1261 2277 ut
1285 2229 1432 2278 finem
1468 2249 1574 2280 ser-

159 2306 291 2353 moni
318 2306 526 2353 facerent
547 2305 621 2352 vel
643 2321 692 2352 se
714 2321 858 2368 quarn
883 2304 1074 2369 brevius
1100 2305 1435 2354 absolverent
1424 2325 1575 2374 impe-

160 2381 388 2431 rabatur:
424 2393 609 2431 tantum
659 2367 987 2431 inardescebat
1031 2385 1189 2431 studio
1232 2385 1305 2432 vel
1350 2386 1575 2436 faciendae

161 2460 502 2525 responsionis,
543 2461 616 2508 vel
649 2462 818 2525 quovis
857 2462 950 2509 alio
994 2461 1274 2509 divertendi.
1319 2465 1456 2527 Atqui
1507 2483 1576 2513 r—e

159 2537 465 2602 sponsionem
505 2538 588 2585 uhi
631 2539 783 2586 facere
826 2539 1211 2602 aggrediebatur,
1257 2550 1351 2588 tam
1393 2542 1573 2590 inculto

161 2614 568 2678 incompositoque
601 2633 650 2663 se
686 2616 927 2664 effudebat
963 2634 1210 2678 sermone,
1256 2619 1387 2682 quod
1420 2620 1467 2666 in
1506 2621 1576 2667 di-

161 2690 315 2739 cendo
355 2707 496 2755 supra
542 2691 743 2756 duplum
779 2694 914 2758 spatii
963 2704 1009 2740 et
1050 2695 1301 2760 temporis,
1346 2697 1476 2759 quod
1512 2699 1574 2745 ad

160 2785 322 2817 coram
358 2783 408 2814 se
453 2768 688 2815 orandum
731 2770 1011 2832 indulserat,
1054 2787 1246 2818 suarum
1289 2771 1573 2836 ineptiarum

265 2861 315 2889 ιιι
1336 2850 1387 2887 ¹2
