2060 3392
491 318 568 356 374
1062 314 1336 360 momen,

487 407 621 470 regio
640 404 938 471 procuratori
952 402 1028 450 vel
1042 401 1300 463 advocato,
1318 401 1393 449 vel
1415 400 1477 448 ab
1498 400 1612 465 ipsis
1628 397 1905 460 substitutiS,

486 483 573 531 sed
593 493 644 530 et
664 481 858 530 cuilibet
892 479 1190 528 advocatello
1233 495 1291 526 ea
1325 478 1516 526 licentia
1553 477 1745 543 quaesita
1771 485 1842 525 est
1860 485 1910 525 et

487 561 717 627 permissa
752 570 827 622 ut,
852 576 942 625 pro
977 573 1281 623 quacumque
1307 556 1382 604 vel
1404 556 1604 604 minima
1633 554 1909 622 apparentia

486 658 572 688 seu
591 638 854 705 ‚phantasia
868 676 881 700 ,
907 637 1158 702 cujuslibet
1179 636 1358 702 praelati
1378 635 1742 683 ecclesiasticam
1767 634 1909 698 juris-

488 718 747 764 dictionem
793 717 845 764 in
880 715 1095 780 qualibet
1123 730 1266 762 causa
1309 712 1615 774 calumniari,
1656 710 1910 760 deturbare

487 805 630 859 atque
675 810 907 842 evacuare
948 793 1114 859 possit.
1153 795 1210 839 Et
1242 808 1355 839 cum
1397 791 1447 838 in
1484 788 1708 837 omnibus
1743 788 1910 853 hujus—

489 869 679 917 cemodi
719 868 923 934 querelis
958 878 1140 934 partem
1171 866 1383 916 habeant
1418 864 1690 924 formalem,
1727 861 1911 927 ,iudices

488 947 698 1012 primum
711 984 725 1009 ‚
761 946 935 995 deinde
974 945 1235 993 advocatos
1278 953 1325 991 et
1370 950 1701 1008 procuratores
1735 941 1907 1005 regios,

489 1035 801 1089 caeteramque
830 1024 1081 1071 curialium
1111 1021 1324 1070 turbam¹
1357 1014 1593 1084 usquead
1616 1035 1792 1078 unum,
1819 1018 1912 1067 hac

489 1103 761 1151 infelicitate
807 1101 1130 1168 percelluntur
1170 1099 1303 1165 quod
1341 1098 1571 1159 eosdem,
1609 1097 1693 1160 qui
1725 1096 1793 1144 eis
1830 1096 1912 1143 in·—

489 1180 722 1230 festissimi
749 1180 1005 1229 adversarii
1042 1179 1292 1239 exsistunt,
1327 1176 1427 1242 pati
1453 1175 1654 1240 judices,
1679 1183 1728 1222 et
1747 1189 1912 1222 coram

489 1259 579 1316 eis,
622 1259 732 1306 licet
776 1257 1132 1319 inimicissimis,
1171 1256 1380 1320 litigare,
1421 1269 1684 1318 eorumque
1723 1268 1913 1299 necesse

489 1335 722 1396 habeant,
763 1336 911 1383 velint
950 1335 1127 1392 nolint,
1172 1342 1442 1399 exspectare
1480 1330 1730 1395 judicium.
1767 1328 1912 1387 Quod

490 1415 557 1460 eis
587 1414 916 1462 infelicissimae
938 1413 1118 1478 species
1141 1421 1211 1459 est
1234 1410 1459 1474 angustiae
1481 1418 1528 1456 et
1548 1407 1842 1455 calamitatis.

554 1493 709 1555 Atqui,
731 1492 769 1538 si
791 1489 1070 1554 hujusmodi
1091 1489 1265 1552 egregii
1281 1488 1483 1552 judices,
1503 1486 1586 1550 qui
1609 1485 1914 1533 communius

491 1567 650 1615 officia
674 1568 953 1632 judicaturae
981 1566 1043 1614 ad
1065 1566 1338 1614 auctionem
1361 1563 1451 1611 sub
1478 1563 1650 1610 annuis
1671 1561 1913 1627 pensioni-

490 1645 582 1693 bus
607 1655 941 1710 assequuntur‚
965 1644 1042 1691 vel
1062 1644 1320 1711 minimam·
1330 1641 1633 1689 occasionem
1654 1656 1738 1687 seu
1758 1639 1914 1705 phan-

491 1721 659 1772 tasiam
678 1733 847 1772 contra
869 1723 1117 1771 ecclesiam
1139 1720 1319 1768 habere
1343 1719 1544 1785 possint,
1572 1718 1730 1766 statim
1745 1727 1913 1765 contra

492 1819 598 1850 eam
634 1801 849 1866 judicare
869 1839 882 1863 ‚
933 1815 1210 1866 quanquam
1248 1797 1562 1862 iniquissime,
1610 1811 1710 1843 non
1748 1810 1914 1842 veren-

492 1890 584 1926 tur.
630 1878 724 1927 Ubi
755 1895 870 1927 vero
906 1878 1089 1926 nullam
1129 1877 1275 1924 talem
1306 1873 1632 1940 apparentiam
1656 1872 1732 1920 vel
1773 1873 1912 1920 mini-

493 1972 622 2005 mam
677 1956 952 2005 adinvenire
990 1954 1235 2020 potuerint
1257 1990 1269 2014 ‚
1316 1952 1400 2000 sed
1447 1949 1695 1998 manifeste
1739 1965 1912 2014 agnos-

493 2044 604 2082 cant
626 2044 794 2082 contra
818 2033 1066 2081 ecclesiam
1088 2031 1370 2078 sententiam
1399 2029 1597 2076 minime
1618 2027 1728 2075 ferri
1753 2044 1933 2093 posse„

493 2125 743 2174 nunquam
767 2124 856 2173 pro
893 2123 950 2155 ea
986 2105 1302 2171 judicabunt,
1342 2103 1427 2152 sed
1463 2120 1575 2151 cum
1608 2101 1914 2150 dilationibus

494 2183 594 2230 sine
633 2184 728 2231 fine
761 2184 922 2247 aliquo
953 2197 1144 2229 causam
1182 2180 1388 2228 retinent
1408 2178 1684 2225 indecisam.
1715 2179 1773 2224 Et
1800 2193 1912 2224 cum

494 2277 583 2324 pro
607 2261 821 2308 maxima
859 2259 1141 2307 solidissima
1176 2267 1371 2304 teneant
1388 2275 1419 2301 -«
1445 2272 1607 2319 regem
1632 2273 1656 2299 ι)
1678 2270 1823 2318 quem
1860 2255 1910 2300 in

495 2337 721 2385 omnibus
744 2337 919 2386 talibus
941 2336 1093 2384 causis
1115 2335 1321 2383 ecclesiae
1342 2332 1624 2396 confingunt
1642 2331 1907 2392 inimicum,

499 2435 522 2460 α
557 2431 806 2479 nunquam
840 2415 930 2462 nisi
957 2428 1282 2479 possessorem
1305 2411 1487 2474 litigare
1510 2408 1694 2457 debere
1712 2410 1749 2471 ⁸,
1783 2428 1806 2453 1>
1827 2425 1914 2474 per

549 2559 585 2596 Δ.
615 2556 716 2596 c’est
733 2568 778 2594 oe
794 2557 914 2607 qu'on
931 2554 1099 2607 appelait
1114 2553 1285 2592 h-cohue
1296 2564 1350 2590 -en
1368 2549 1616 2590 Normandie.

549 2625 589 2664 2.
619 2621 875 2661 C’est-a-dire
888 2649 899 2668 ‚
923 2633 1000 2672 que
1017 2620 1054 2658 le
1075 2619 1135 2658 roi
1148 2631 1203 2657 ne
1221 2617 1302 2655 doit
1319 2616 1467 2668 plaider
1483 2628 1560 2667 que
1583 2614 1688 2654 nanti
1714 2614 1763 2654 de
1782 2613 1914 2664 l’objet

496 2702 564 2727 sur
581 2687 708 2739 lequel
726 2696 836 2739 porte
857 2686 893 2724 le
919 2686 1056 2738 proces
1085 2687 1150 2732 (on
1178 2683 1290 2722 disait
1313 2682 1607 2721 anciennement
1629 2696 1637 2718 :
1662 2698 1680 2715 «ι
1699 2683 1755 2719 Le
1779 2679 1839 2718 roi
1863 2692 1913 2718 ne

491 2752 646 2804 plaide,
667 2752 777 2791 sinon
796 2752 834 2790 la
857 2748 1149 2802 maingamie).
1178 2765 1195 2782 ι»
1207 2751 1269 2788 De
1286 2747 1324 2787 la
1347 2748 1384 2786 la
1399 2746 1599 2787 mainmise
1623 2759 1690 2785 sur
1711 2754 1798 2785 tout
1818 2744 1911 2785 bien

497 2812 663 2871 d'Eglise
683 2818 776 2856 dont
795 2817 850 2856 les
867 2817 978 2869 juges
997 2816 1142 2867 laiques
1164 2814 1415 2854 contestaient
1434 2814 1470 2852 la
1493 2812 1663 2867 legitime
1679 2811 1908 2864 possession.
