2060 3392
500 340 576 377 2258
936 354 939 357 ·
1071 337 1321 376 Ammon
1332 365 1342 383 ‚

501 428 613 485 Nec,
639 426 771 491 quod
794 426 858 472 ita
879 426 1129 488 egerimus,
1157 424 1504 490 poenitudinem
1530 424 1591 472 de
1620 424 1716 472 hoc
1752 441 1911 490 genre

499 520 766 569 possumus,
800 519 905 568 quae
936 501 998 550 de
1021 503 1174 564 malis,
1203 520 1303 551 non
1327 502 1470 550 bonis
1496 512 1565 550 est
1589 501 1814 568 operibus
1837 518 1911 552 as·

496 581 744 630 sumenda.
769 583 953 642 Testem
974 582 1103 629 enim
1124 581 1402 629 invocamus
1431 584 1613 641 Deum,
1650 581 1783 647 quod
1817 582 1912 631 hoc

497 676 597 706 non
634 658 906 724 temporalis
941 658 1060 707 lucri
1092 668 1175 708 aut
1198 669 1394 707 terrenae
1418 658 1616 723 alicujus
1651 658 1913 707 affectionis

497 737 639 799 gratia
653 774 666 798 ,
692 736 776 784 sed
806 737 990 785 sincera
1014 738 1205 786 caritate
1226 747 1423 803 propter
1446 737 1648 802 proximi
1679 738 1730 784 in
1757 735 1910 784 Deum

494 831 708 863 amorem
729 824 778 863 et
791 815 1097 864 dilectionem
1118 816 1393 881 agebamus,
1411 816 1576 875 etiam,
1599 815 1669 863 uti
1683 814 1908 876 diximus,

493 892 677 958 abipso
697 909 807 957 rege
829 894 1039 959 requisiti
1061 904 1108 941 et
1149 896 1318 959 rogati.
1349 897 1407 941 Et
1428 893 1579 941 multa
1599 893 1795 957 quidem
1819 892 1912 941 alia

490 971 540 1018 in
553 971 724 1018 eodem
745 971 907 1020 libello
928 981 1154 1020 contenta
1171 982 1307 1020 erant
1327 980 1468 1036 atque
1486 972 1662 1018 inserta
1679 970 1742 1018 ad
1763 969 1911 1018 finem

490 1048 807 1112 persuadendi
832 1049 894 1096 ad
921 1050 1055 1113 regni
1075 1059 1122 1096 et
1142 1050 1434 1115 populorum
1458 1047 1671 1113 ejusdem
1693 1046 1911 1095 subleva-

491 1125 671 1174 tionem
700 1136 749 1173 et
767 1127 957 1192 justitiae
990 1126 1195 1173 multum
1227 1126 1418 1192 dilapsae
1447 1135 1496 1173 et
1521 1125 1735 1173 laceratae
1762 1123 1910 1172 refor-

490 1204 768 1266 mationem,
792 1213 847 1251 ut
861 1203 923 1251 ad
942 1219 999 1252 ea
1016 1203 1267 1251 efficienda
1290 1213 1339 1251 et
1355 1202 1643 1268 complenda
1657 1201 1910 1267 proclivio·

487 1296 590 1328 rem
610 1282 732 1346 regis
765 1283 981 1330 animum
1003 1280 1323 1329 redderemus.
1355 1283 1534 1328 Verum
1557 1295 1656 1344 quo
1676 1279 1839 1327 animo
1862 1288 1912 1327 et

487 1373 584 1421 qua
609 1369 769 1406 mente
795 1370 894 1407 tam
913 1358 1126 1407 salubres
1142 1369 1191 1406 et
1211 1367 1396 1407 sanctas
1414 1357 1816 1406 commonitiones
1835 1372 1910 1404 re-

489 1437 684 1501 ceperit,
711 1436 835 1485 facto
853 1447 1019 1502 postea
1036 1437 1197 1502 palam
1214 1437 1340 1498 fecit,
1358 1436 1469 1484 licet
1494 1445 1608 1482 ωηο
1628 1450 1719 1500 pro
1737 1448 1910 1498 magna

490 1514 639 1577 gratia
656 1530 736 1562 eas
753 1515 992 1580 suscipere
1013 1531 1071 1562 ac
1095 1514 1356 1579 plurimum
1371 1512 1641 1579 approbare
1662 1521 1710 1560 et
1739 1511 1911 1560 confir·

487 1607 619 1639 mare
636 1591 795 1640 verbis
811 1591 1104 1651 ostenderet,
1132 1593 1196 1639 ita
1218 1601 1294 1652 ut,
1315 1607 1418 1639 non
1435 1590 1584 1638 modo
1606 1589 1905 1648 sententiam,

486 1669 570 1718 sed
586 1670 732 1735 ipsius
747 1687 881 1736 paene
897 1679 1070 1718 nostrae
1085 1669 1430 1717 cohortationis
1447 1678 1590 1733 atque
1600 1665 1750 1715 libelli
1762 1666 1910 1714 verba

489 1758 604 1795 tunc
634 1748 908 1795 memoriter
932 1746 1080 1795 verba
1114 1755 1276 1794 tenere
1300 1746 1558 1807 videretur,
1591 1743 1910 1809 quemadmo-

489 1825 607 1873 dum
634 1841 664 1873 a
684 1824 899 1890 quodam
931 1827 1037 1874 viro
1074 1823 1335 1874 venerabili
1370 1834 1419 1872 et
1451 1823 1597 1872 docto
1615 1824 1905 1888 accepimus,

487 1901 717 1951 redeunte
746 1913 863 1951 tunc
900 1903 962 1951 de
1000 1903 1133 1952 curia
1161 1903 1307 1966 regis,
1332 1901 1395 1950 ad
1419 1917 1566 1967 quam
1600 1917 1690 1968 pro
1728 1898 1909 1948 eisdem

488 1981 642 2028 causis
693 1997 723 2029 a
777 1981 1148 2047 provincialibus
1196 1980 1350 2029 fuerat
1404 1979 1710 2028 destinatus¹.
1773 1978 1910 2026 Pefflt

486 2059 664 2124 quippe
696 2075 725 2107 a
749 2058 892 2107 nobis
918 2069 965 2107 et
990 2075 1165 2123 magna
1185 2075 1384 2124 precum
1409 2059 1594 2123 rogavit
1613 2057 1835 2106 instantia
1854 2065 1909 2103 ut

486 2135 548 2182 de
570 2136 652 2183 illo
673 2136 854 2197 libello,
879 2135 940 2183 de
956 2153 1054 2201 quo
1075 2137 1125 2183 in
1148 2135 1318 2184 eadem
1341 2137 1474 2184 curia
1493 2136 1788 2183 mentionem
1805 2132 1907 2180 fieri

488 2213 749 2275 audiverat,
775 2214 963 2279 copiam
985 2213 1076 2261 sibi
1098 2214 1250 2262 facere
1271 2214 1593 2277 dignaremur.
1622 2215 1779 2271 Quem
1797 2228 1910 2265 cum

486 2288 747 2353 perlectum
784 2305 810 2337 a
847 2289 1060 2353 quodam
1095 2299 1259 2336 nostro
1289 2289 1478 2342 notario
1507 2287 1747 2348 audiisset,
1781 2286 1908 2335 affir-

488 2367 635 2413 mavit
668 2383 779 2414 cum
811 2377 1106 2414 sacramento
1127 2383 1177 2414 se
1198 2383 1332 2432 paene
1362 2367 1512 2413 totam
1548 2366 1650 2429 ejus
1687 2363 1907 2412 substan-

488 2444 604 2491 tiam
627 2454 675 2491 et
694 2444 872 2491 eisdem
895 2445 1043 2491 ferme
1065 2443 1223 2492 verbis
1252 2460 1280 2491 a
1306 2459 1414 2506 rege
1438 2443 1687 2490 audivisse.

554 2525 754 2584 Verum,
782 2532 835 2569 ut
857 2521 1083 2583 diximus,
1111 2537 1256 2585 quam
1283 2521 1398 2568 altas
1427 2522 1477 2567 in
1502 2521 1602 2584 ejus
1629 2522 1792 2569 animo
1811 2521 1902 2568 hu-

543 2671 582 2709 1.
614 2670 811 2708 Peut-etre
832 2670 997 2708 l'auteur
1013 2671 1154 2709 veut-il
1172 2673 1300 2723 parler
1322 2672 1373 2710 ici
1393 2672 1442 2711 de
1467 2672 1642 2724 l’eveque
1669 2673 1902 2721 dmum-re,

489 2731 583 2788 qu'il
610 2731 822 2784 temoigne,
849 2732 943 2770 dans
964 2732 1159 2772 l'Histoire
1187 2734 1239 2772 du
1262 2735 1380 2791 regne
1398 2733 1447 2773 de
1463 2735 1579 2774 Louis
1598 2737 1677 2783 XI,
1697 2736 1779 2775 etre
1800 2748 1906 2775 venu

490 2793 700 2840 demandet
729 2808 807 2839 une
830 2796 1052 2848 exemption
1083 2795 1263 2849 d’impots
1286 2812 1386 2851 pour
1407 2813 1460 2838 un
1486 2799 1623 2852 village
1651 2798 1827 2838 incendii»
1855 2799 1904 2838 de

489 2870 557 2894 son
579 2855 743 2900 diocese.
765 2858 864 2909 voy.
883 2867 912 2899 t.
931 2859 984 2906 Π,
1003 2871 1047 2910 p.
1066 2859 1131 2898 30.
