2060 3392
0 457 11 471 n*
0 341 11 431 ·-!.-=‡
0 308 6 326 V
0 270 2 290 Π

620 328 767 366 LIBER
793 330 995 367 SEXTUS.
1470 332 1518 368 69

102 428 299 467 cruenta
319 416 493 478 bestia,
516 419 780 464 Turcorum
797 417 1096 482 imperator¹,
1122 433 1182 465 ex
1199 417 1293 466 hac
1313 417 1520 466 instabili

101 497 208 545 luce
221 533 235 557 ,
258 496 310 543 in
334 510 448 560 qua,
474 493 592 541 dum
615 503 902 558 superesset,
926 504 997 542 tot
1017 494 1224 544 nefanda
1244 505 1387 560 atque
1406 495 1522 543 hor·

103 574 254 622 reuda
283 573 335 620 in
374 571 656 623 christianos
688 580 735 618 et
769 572 858 618 Dei
896 588 1059 620 servos
1090 572 1417 638 perpetrabat,
1460 574 1522 621 ad

103 651 358 700 exteriores
393 644 653 696 inferorum
704 648 925 697 tenebras
958 651 1259 715 pertransivit
1275 689 1288 712 ,
1330 667 1520 717 poenas,

104 717 224 795 quas
244 745 336 796 pro
353 727 450 776 suis
465 725 786 792 impietatibus
802 728 1084 792 promeruit,
1098 727 1226 792 justo
1239 729 1327 776 Dei
1341 728 1525 793 judicio

104 807 362 855 solumrus.
555 807 563 817 '

169 883 308 949 Atqui
325 884 603 950 priusquam
625 881 849 930 deficeret
861 918 874 943 ,
889 881 942 930 hi
960 883 1044 946 qui
1058 882 1392 946 hujuscemodi
1415 884 1528 932 civi-

106 971 252 1010 tatem
271 961 547 1009 Odrontum
580 961 875 1020 invaserant,
907 960 1051 1007 etiam
1087 961 1320 1008 nonnulla
1340 962 1530 1010 castella

106 1039 264 1088 vicina
283 1048 578 1105 occuparant
598 1048 646 1086 et
661 1048 901 1086 vastarant
915 1076 928 1097 ‚
953 1038 1013 1087 de
1034 1038 1223 1104 praedis,
1247 1056 1367 1103 quas
1381 1040 1533 1087 unde-

105 1133 314 1182 cumque
351 1116 602 1165 advectare
643 1125 863 1182 poterant
877 1153 890 1177 ,
931 1115 1206 1163 Odruntum
1240 1118 1525 1165 munientes.

109 1194 207 1240 Rex
240 1202 357 1240 vero
398 1191 755 1257 Neapolitanus,
802 1191 969 1239 volens
1002 1190 1262 1256 prudenter
1293 1202 1527 1254 avertere,

109 1283 171 1315 ne
186 1266 466 1332 hujusmodi
483 1267 728 1331 inceptum
743 1266 883 1314 latius
900 1276 1243 1331 propagaretur
1255 1266 1530 1314 incendium

107 1345 159 1392 in
184 1360 334 1408 regno
351 1361 457 1405 suo,
479 1343 637 1392 statim
655 1344 835 1392 vicinas
853 1344 1063 1391 civitates
1085 1354 1133 1391 et
1153 1344 1342 1391 castella
1359 1344 1531 1391 milita—

109 1421 244 1470 ribus
271 1422 500 1488 praesidiis
539 1421 839 1469 communiit.
865 1421 1072 1468 Classem
1105 1423 1246 1469 etiam
1283 1421 1499 1468 instruxit
1515 1459 1528 1482 ,

109 1516 215 1565 quae
236 1499 500 1548 maritimos
518 1498 674 1548 aditus
683 1498 960 1560 observans,
980 1516 1042 1547 ne
1059 1516 1118 1546 ex
1130 1499 1312 1547 Graecia
1326 1499 1532 1562 majores

109 1576 259 1643 copiae
293 1579 558 1624 'l'urcorum
596 1586 679 1624 aut
713 1575 924 1625 subsidia
959 1577 1237 1624 victualium
1265 1576 1342 1623 vel
1373 1592 1532 1623 armo-

109 1672 219 1703 rum
251 1654 424 1703 advehi
458 1665 652 1721 possent
667 1692 681 1716 ,
709 1655 991 1720 impediret3
1022 1656 1088 1703 ita
1111 1655 1245 1720 quod
1273 1665 1399 1703 terra
1431 1671 1533 1703 ma-

110 1734 247 1798 rique
286 1733 416 1798 ipsos
430 1770 443 1794 ,
489 1733 573 1798 qui
610 1733 754 1798 primi
794 1749 995 1796 regnum
1027 1733 1299 1781 invaserant
1313 1770 1326 1794 ,
1372 1733 1535 1797 quoad

110 1818 321 1876 poterat,
349 1810 640 1858 coarctabat.
667 1810 762 1857 Sed
781 1827 840 1858 eo
860 1827 960 1858 non
974 1810 1196 1859 obstante
1213 1849 1225 1872 ,
1242 1812 1331 1877 ipsi
1352 1811 1531 1870 hostes,

112 1897 160 1935 et
193 1904 438 1936 armorum
453 1925 465 1948 ,
503 1897 551 1934 et
590 1888 868 1935 victualium
906 1888 1119 1937 subsidia
1158 1888 1222 1937 ad
1268 1906 1381 1936 suos
1397 1926 1411 1950 ,
1453 1889 1536 1952 qui

112 1964 476 2030 quodammodo
492 1965 622 2012 velut
637 1965 817 2013 obsessi
830 1982 860 2013 a
873 1965 1086 2014 finitimis
1099 1967 1219 2014 locis
1230 1966 1533 2028 videbantur,

112 2043 353 2091 interdum
376 2042 694 2092 adduxerunt.
721 2043 908 2101 Quibus
940 2044 1187 2092 refocillati
1221 2055 1269 2092 et
1310 2045 1538 2093 audacio-

112 2120 376 2182 reseffecti,
401 2121 545 2169 etiam
564 2138 675 2168 cum
692 2122 830 2186 regiis
852 2122 1099 2184 militibus,
1119 2139 1176 2171 ex
1198 2123 1316 2170 locis
1333 2123 1536 2170 circum-

55 2217 58 2220 ’
111 2198 280 2247 vicinis
328 2199 605 2263 aggregatis,
651 2215 958 2264 congressum
1001 2200 1305 2260 habuerunt3
1351 2202 1400 2248 in
1439 2218 1539 2266 quo

113 2277 273 2342 plures
290 2293 347 2324 ex
364 2277 520 2340 regiis,
537 2277 611 2325 vel
634 2278 778 2343 capti,
793 2280 869 2327 vel
890 2279 995 2327 caesi
1020 2281 1331 2328 manserunt’.
1357 2283 1540 2328 Tenue-

114 2361 320 2416 runtque
346 2352 584 2399 civitatem
607 2369 693 2417 per
714 2363 865 2402 totam
885 2354 1111 2402 hiemem.
1140 2357 1248 2413 Qua
1275 2364 1534 2415 transacta,

115 2445 214 2490 rex,
237 2428 426 2494 adjutus
441 2429 618 2477 auxilio
635 2431 819 2478 Summi
839 2431 1082 2479 Pontificis
1100 2432 1540 2496 nonnullorumque

115 2515 447 2571 potentatuum
467 2507 608 2556 Italiae
621 2546 634 2570 ,
668 2509 768 2572 qui,
789 2509 919 2556 velut
940 2509 1002 2557 ad
1024 2526 1282 2557 commune
1303 2511 1447 2557 totius
1466 2525 1543 2555 re-

170 2639 210 2676 1.
241 2636 434 2676 Mahomet
450 2641 509 2686 Π,
531 2648 632 2678 mort
648 2639 686 2677 le
706 2641 728 2678 3
748 2641 963 2681 mai1481.

170 2701 209 2738 2.
241 2700 387 2749 Quinze
402 2710 509 2739 cents
530 2701 704 2740 hommes
723 2702 893 2754 perirent
916 2716 1012 2742 avec
1030 2704 1115 2742 leur
1132 2703 1287 2756 general
1306 2705 1327 2740 J
1331 2702 1411 2739 ules
1428 2700 1543 2739 d'Ac-

116 2762 283 2812 quaviva
312 2762 407 2801 dans
431 2773 531 2802 cette
566 2773 770 2803 rencontre
783 2794 794 2812 ‚
827 2766 893 2817 qui
927 2766 991 2804 eut
1023 2766 1098 2804 lieu
1133 2779 1183 2804 au
1216 2771 1545 2803 commencement

117 2825 165 2863 de
184 2826 302 2864 ¹48¹.
323 2826 527 2877 Raynaldi,
549 2830 718 2865 Annales
739 2831 890 2877 eccles„
911 2838 940 2868 t.
960 2832 1042 2876 XI,
1064 2843 1103 2880 p.
1127 2831 1165 2867 5.
