2060 3392
734 274 880 318 LIBER
916 275 1115 319 PRIMUs.
1556 278 1633 317 247

219 365 359 424 alitus
383 375 434 431 et
452 363 696 433 confotus,
717 363 1006 433 sperandum
1024 363 1084 410 de
1106 381 1164 413 eo
1187 365 1334 413 cuivis
1354 365 1488 413 facile
1503 366 1634 415 vide·

218 434 359 500 batur
393 441 551 509 quod.
590 441 689 489 visa
723 441 867 488 totius
902 457 1035 507 paene
1075 443 1206 507 regni
1238 444 1310 490 sui
1345 442 1638 493 lamentabili

218 519 444 595 pauperie
475 535 532 568 ac
559 518 877 581 desolatione,
920 529 1079 566 mente
1112 518 1376 590 recogitans
1411 521 1634 585 gloriam,

219 588 421 659 divin‘aS,
440 596 733 662 opulentiam
756 606 898 662 atque
917 595 1215 645 honestatem
1245 615 1350 664 quae
1370 599 1421 646 in
1449 599 1638 671 oppidis

218 674 313 742 illis
326 673 590 738 insignibus
613 673 942 727 Flandriarum
965 684 1012 721 et
1027 675 1227 723 aliarum
1251 686 1481 724 terrarum
1495 694 1637 743 ‚quae

215 739 321 814 asp
331 747 529 806 illustris
560 749 849 838 ’Burgundiae
882 749 1056 804 domus
1095 752 1297 817 imperio
1333 750 1551 805 visuntur
1591 764 1638 801 et

216 820 334 891 sub
346 827 519 882 eodem
558 828 759 894 imperio
802 828 978 881 mirum
1020 829 1070 882 in
1117 829 1319 897 modum
1357 831 1639 882 coaluerunt

215 897 358 972 atque
395 917 721 970 excreverunt,
747 907 785 954 si
818 923 914 971 qua
944 907 994 954 in
1022 924 1081 955 eo
1106 908 1291 955 virtutis
1313 907 1574 971 aemulatio,
1599 910 1639 956 si

215 975 322 1054 quis
340 985 503 1057 patriae
523 1000 682 1047 amor,
714 984 752 1031 si
781 1000 879 1051 qua
911 984 1087 1051 cupido
1119 984 1274 1032 laudis
1295 996 1342 1032 et
1379 986 1565 1052 gloriae,
1598 987 1637 1033 si

214 1070 312 1131 qua
334 1062 676 1128 compassionis
707 1072 755 1110 et
775 1062 1089 1110 miserationis
1110 1062 1317 1124 viscera,
1342 1063 1380 1112 si
1402 1081 1499 1130 qua
1524 1080 1637 1131 pos-

213 1147 368 1194 tremo
386 1139 475 1188 Dei
486 1138 748 1192 reverentia
769 1139 1007 1202 timorque
1020 1140 1317 1199 exstitissent,
1342 1140 1474 1205 quod
1494 1157 1636 1204 gene-

214 1232 351 1269 rosus
369 1217 567 1286 piusque
604 1227 652 1263 et
676 1216 913 1280 benignus
937 1216 1026 1263 viri
1061 1217 1248 1267 animus
1276 1218 1461 1265 incitari
1494 1228 1635 1282 atque

214 1293 500 1352 inflammari
528 1293 790 1355 debuisset,
815 1304 869 1342 ut
900 1293 1151 1341 artificium
1181 1295 1300 1342 illud
1330 1295 1635 1344 moderandae

215 1369 284 1423 rei
313 1369 515 1437 publioee
541 1371 591 1418 in
617 1387 818 1438 regnum
844 1387 984 1418 suum
997 1408 1010 1432 ,
1041 1387 1099 1417 ex
1128 1370 1204 1418 his
1237 1389 1342 1436 quae
1376 1372 1559 1420 viderat
1589 1384 1636 1420 et

214 1440 537 1519 &perimento
575 1448 886 1517 probaverat,
932 1447 1182 1496 transferre
1221 1460 1363 1514 atque
1408 1451 1634 1499 invehere

213 1526 416 1575 voluisse
439 1526 650 1590 deberet,
675 1528 880 1592 totisque
895 1525 1147 1574 conatibus
1169 1538 1311 1592 atque
1332 1528 1498 1576 studiis
1520 1530 1633 1577 eniti

212 1613 267 1658 ut
287 1605 444 1670 ipsum
479 1621 705 1670 regnum,
746 1605 863 1658 olim
890 1604 1087 1668 quidem
1125 1605 1511 1654 florentissimum
1534 1623 1634 1653 om·

212 1675 443 1748 niumque
484 1700 632 1748 opum
672 1683 915 1731 affluentia
950 1693 997 1729 et
1034 1683 1327 1750 populorum
1369 1683 1634 1750 frequentia

213 1759 589 1822 refertissimum,
630 1759 691 1811 ad
726 1761 903 1829 priscas
939 1769 986 1806 et
1017 1759 1079 1806 ad
1104 1760 1321 1824 antiquas
1348 1776 1455 1807 suas
1480 1760 1634 1824 digni-

214 1845 354 1898 tates,
378 1836 618 1889 libertates
636 1846 778 1901 atque
802 1836 1095 1902 opulentiam
1118 1845 1166 1882 et
1184 1836 1432 1883 decentem
1445 1837 1632 1900 justitiae

212 1910 420 1971 cultum,
448 1909 644 1975 quibus,
670 1909 796 1979 proh
821 1908 986 1957 dolor!
1023 1909 1169 1957 ferme
1198 1911 1393 1980 penitus,
1408 1910 1631 1960 orbatum

212 1998 284 2042 est
302 1997 350 2040 et
366 1987 642 2040 destitutum
655 2025 668 2050 ,
693 1997 938 2035 revocaret
955 1997 1002 2034 et
1019 1988 1317 2035 instauraret.

276 2066 375 2118 Tali
398 2066 539 2130 igitur
568 2066 709 2118 erecti
734 2075 876 2131 atque
909 2065 1011 2112 fren'
1046 2082 1153 2131 spe,
1186 2064 1247 2112 ad
1277 2082 1423 2131 quam
1454 2077 1502 2115 et
1531 2069 1632 2135 ipse

212 2152 326 2196 tunc
345 2145 590 2193 communi
609 2160 698 2193 suo
715 2159 935 2197 sermone
954 2143 1304 2207 regnicolarum
1320 2144 1507 2192 animos
1525 2162 1634 2211 pro-

210 2208 457 2279 movebat,
481 2239 593 2275 cum
614 2222 820 2273 crastino
840 2221 935 2287 die,
955 2231 1210 2292 postquam
1232 2221 1388 2269 Remis
1404 2223 1523 2270 sacri
1539 2222 1631 2270 olei

211 2297 448 2354 delibutus
481 2299 632 2352 suerat
662 2301 914 2362 unctione,
948 2297 1053 2347 ad
1042 2316 1199 2370 lpsum
1230 2298 1629 2350 consalutandum

210 2376 273 2431 ad
299 2379 639 2431 monasterium
667 2338 1128 2430 Sancti-Tlieodorici
1155 2388 1287 2426 extra
1310 2377 1504 2441 urbem,
1531 2396 1629 2444 quo

210 2469 260 2507 se
289 2454 563 2521 hospitandi
594 2457 743 2522 gratia
771 2455 1037 2522 contulerat
1050 2493 1062 2517 ,
1095 2457 1474 2522 accessissemus,
1510 2458 1631 2506 facta

211 2545 323 2582 cum
346 2533 479 2583 omni
495 2531 761 2586 humilitate
784 2543 926 2598 atque
954 2533 1216 2580 reverentia
1238 2534 1543 2597 salutatione,
1571 2536 1630 2582 de

211 2606 400 2659 duobus
417 2611 646 2675 maJestati
668 2628 762 2665 suae
782 2611 978 2663 devotas
1006 2627 1168 2676 preces
1200 2611 1396 2660 fecimus
1410 2615 1439 2671 ¹,
1466 2623 1514 2659 et
1535 2613 1629 2659 hoc

264 2723 303 2758 1.
333 2722 543 2774 Compare:-
577 2724 614 2762 le
648 2724 764 2777 chap.
790 2737 859 2772 m,
896 2725 924 2765 Ι.
955 2728 999 2774 1,
1037 2725 1087 2763 de
1122 2725 1319 2766 l’flistoire
1351 2726 1404 2766 du
1435 2726 1552 2776 regne
1583 2725 1631 2763 de

209 2783 324 2825 louis
346 2786 424 2831 xl.
446 2793 474 2823 t.
494 2787 554 2834 11,
572 2798 614 2837 p.
636 2788 702 2827 10.
