2060 3392
672 331 818 368 LIBER
853 330 1051 369 PRIMUS.
1491 332 1568 369 257

157 435 280 484 opus
304 419 437 484 quod
466 428 538 466 tot
567 428 621 466 et
650 428 747 466 tam
775 417 1035 482 grandibus
1066 434 1265 481 regumn
1293 435 1433 466 suum
1454 436 1572 485 pen-

156 493 372 543 sionibus
389 505 700 560 praegravaret
712 532 725 555 ‚
750 511 840 559 pro
861 494 1037 557 quibus
1055 494 1353 544 exsolvendis
1376 505 1448 543 tot
1467 506 1574 543 tan-

157 572 310 638 tisque
340 589 554 638 pressum
588 571 896 636 vectigalibus
932 583 979 619 et
1019 573 1251 634 collectis,
1293 590 1398 638 quae
1435 574 1575 622 simul

157 666 271 698 cum
301 650 467 698 militia
487 667 573 716 per
595 661 667 698 tot
689 667 842 698 annos
863 667 1063 714 regnum
1100 652 1255 716 ipsum
1283 662 1330 698 et
1365 652 1577 716 ejusdem

158 727 330 776 accolae
358 728 615 787 tolerarant
629 766 641 789 ,
673 728 735 775 ad
761 738 1021 775 extremam
1054 746 1188 793 paene
1225 730 1503 794 pauperiem
1532 740 1580 777 et

158 806 470 853 inanitionem
488 806 798 854 devenerant.
825 807 968 854 Aliter
993 808 1122 854 enim
1141 808 1365 872 possibile
1391 825 1491 856 non
1515 809 1579 857 sa-

157 881 246 929 cile
263 883 487 947 cuiquam
505 898 675 930 sanum
698 884 898 949 sapienti
919 883 1071 931 videri
1094 894 1302 949 poterat,
1331 886 1579 949 quomodo

158 975 357 1023 regnum
393 970 536 1025 atque
574 961 747 1008 accolae
787 961 888 1025 ejus
924 962 972 1008 in
1013 962 1218 1026 priscam
1258 963 1578 1027 opulentiam,

156 1035 423 1085 libertatem
441 1047 488 1084 et
505 1038 706 1101 gloriam
726 1039 979 1086 instaurari
999 1049 1194 1104 possent
1207 1077 1220 1096 ‚
1249 1040 1402 1087 causis
1421 1040 1584 1103 hujus-

158 1115 291 1164 modi
311 1118 548 1165 malorum
569 1118 710 1165 simul
728 1117 1132 1183 percurrentibus,
1155 1135 1212 1165 ex
1235 1136 1442 1183 quorum
1459 1137 1585 1184 pres-

158 1209 268 1242 sura
308 1204 356 1242 et
393 1196 632 1243 attritione
664 1195 732 1243 ad
773 1206 870 1243 tam
904 1196 1223 1244 miserabilem
1264 1197 1584 1245 calamitatem

159 1270 319 1319 fuisset
358 1273 655 1320 devolutum.
707 1273 992 1336 Hujusmodi
1041 1290 1156 1321 vero
1203 1275 1356 1322 causis
1403 1275 1479 1321 vel
1526 1292 1582 1323 ex

158 1358 292 1413 parte
307 1349 504 1398 sublatis
516 1386 529 1410 ‚
556 1368 639 1399 seu
660 1351 1002 1399 rationabiliter
1023 1353 1310 1417 temperatis,
1330 1352 1583 1401 observato

159 1426 326 1475 debito
353 1428 541 1492 justitiae
587 1429 744 1491 cultu,
792 1447 893 1477 non
932 1429 1134 1476 dubium
1170 1429 1270 1477 fore
1305 1429 1583 1479 dicebamus

158 1504 275 1566 quin
293 1541 307 1565 ‚
337 1505 460 1552 insra
476 1505 672 1554 brevem
701 1516 886 1554 aetatem
902 1542 914 1566 ‚
940 1507 1072 1570 regio
1089 1516 1215 1568 tota,
1244 1523 1348 1570 quae
1371 1518 1420 1555 et
1442 1507 1583 1556 uber—

159 1587 252 1627 tate
276 1580 421 1645 glebae
445 1592 493 1629 et
521 1583 641 1630 aeris
664 1592 807 1647 atque
838 1583 946 1644 coeli
966 1582 1239 1630 salubritate
1264 1584 1461 1646 insignis
1482 1594 1579 1645 est,

158 1657 208 1704 in
223 1660 756 1725 magnam'populorum
774 1697 787 1718 ‚
808 1676 957 1725 opum
987 1669 1035 1706 et
1060 1660 1218 1706 omnis
1251 1660 1435 1723 generis
1458 1659 1582 1707 divi-

161 1733 333 1782 tiarum
360 1745 503 1800 atque
528 1736 769 1784 bonorum
790 1724 1137 1784 abundantiam
1159 1736 1460 1783 coalesceret.

226 1812 322 1858 Nec
335 1821 494 1859 tamen
514 1848 527 1871 ‚
555 1812 966 1876 quemadmodum
988 1811 1232 1859 aiebamus
1248 1848 1261 1872 ‚
1288 1811 1411 1859 adeo
1434 1822 1583 1859 teme-

162 1886 272 1934 rarii
291 1887 440 1935 videri
472 1888 752 1937 volebamus
782 1899 835 1936 ut
861 1889 1038 1936 militiae
1071 1888 1274 1935 modum
1297 1904 1381 1935 seu
1410 1906 1583 1937 nume-

162 1981 296 2024 rum,
333 1965 394 2012 ad
428 1966 660 2030 stipendia
681 1982 771 2032 pro
797 1966 945 2013 tutela
970 1976 1112 2030 atque
1143 1966 1420 2014 defensione
1447 1968 1580 2030 regni

160 2041 447 2102 retinendae‚'
468 2054 631 2091 nostro
666 2060 806 2091 sensu
829 2043 1163 2091 diffiniendum
1187 2044 1485 2092 duceremus.
1524 2046 1580 2093 Id

160 2119 289 2182 enim
321 2136 479 2183 regem
495 2155 509 2177 ,
544 2120 712 2169 habito
748 2138 891 2187 super
927 2121 1019 2169 hac
1046 2138 1097 2168 re
1124 2131 1313 2169 maturo
1344 2139 1455 2169 cum
1485 2123 1582 2170 suis

162 2195 438 2260 proceribus
459 2207 506 2245 et
527 2198 638 2245 viris
659 2198 950 2263 sapientibus
974 2198 1174 2246 consilio
1189 2236 1202 2259 ,
1225 2197 1399 2246 debere
1426 2199 1580 2247 facere

161 2282 303 2339 atque
337 2275 575 2323 moderari
607 2276 884 2324 dicebamus
901 2314 912 2334 ‚
941 2277 1231 2340 minimeque
1260 2286 1375 2323 tunc
1404 2293 1576 2340 regno,

163 2350 229 2399 ita
249 2363 419 2417 pacato
441 2364 488 2401 et
510 2355 742 2418 integrato
768 2364 822 2402 ut
843 2354 905 2402 ab
931 2354 1154 2402 omnibus
1184 2355 1329 2402 ferme
1363 2371 1462 2402 esse
1498 2356 1580 2404 de-

163 2427 277 2477 bere
296 2431 630 2490 aestimabatur,
659 2443 845 2480 tantum
869 2433 1044 2483 militiae
1070 2449 1346 2494 numerum,
1374 2443 1445 2482 tot
1463 2451 1580 2499 pen-

163 2507 366 2555 sionum‘
386 2520 601 2575 sumptus
629 2510 982 2558 continuandos
1004 2527 1127 2571 esse,
1169 2511 1336 2575 quanti
1368 2521 1507 2558 antea
1531 2513 1579 2558 in

163 2600 335 2647 regno,
380 2586 675 2635 saevientibus
712 2588 929 2636 maximis
966 2604 1243 2651 guerrarum
1279 2587 1576 2649 turbinibus,

164 2677 377 2725 unquam
401 2663 695 2712 exstitissent.

230 2741 339 2786 Haec
357 2739 406 2785 in
429 2739 590 2788 libello
613 2742 852 2790 antedicto
887 2760 1046 2806 regem
1079 2753 1132 2789 ut
1165 2742 1335 2790 faceret
1355 2742 1582 2790 hortaba-

168 2832 304 2875 mur;
341 2816 438 2864 hoc
455 2855 468 2878 ‚
508 2818 576 2865 uti
598 2819 858 2880 credimus,
893 2819 1161 2867 fidelissime
1192 2817 1576 2866 consulebamus.

274 2908 319 2932 ιιι
1318 2897 1367 2933 17
