2060 3392
633 291 784 328 met
818 290 1018 328 PRIMUS.
1463 292 1539 329 325

116 381 437 447 patentibus,
424 397 475 428 ιη
490 395 656 428 secura
670 389 718 427 et
733 378 885 427 libera
897 379 1067 442 degere
1082 387 1377 443 paupertate,
1395 394 1542 441 quam

107 474 206 525 ‚pm
247 458 657 524 quarumcumque
693 473 844 522 opum
878 473 988 522 spe,
1033 471 1151 521 quas
1191 456 1376 520 assequi
1402 472 1541 520 posse

114 536 346 584 estimare
365 535 542 597 liceret,
568 535 658 583 sub
679 535 804 582 illius
820 550 1020 583 manum
1042 543 1090 580 et
1108 542 1207 580 tam
1234 532 1447 596 fragilem
1467 533 1541 580 lu-

115 612 394 679 brioemque
416 613 589 675 fidem,
613 628 759 678 quem
784 613 929 660 talem
957 613 1101 660 etiam
1125 611 1188 660 ad
1212 628 1302 659 nos
1326 612 1543 661 animum

31 725 37 730 -
117 706 278 755 gerere
297 691 636 756 comperimus,
656 706 747 738 nos
766 705 998 755 reponere
1021 706 1033 735 :
1062 691 1319 754 praesertim
1337 706 1450 736 cum
1467 706 1543 737 re—

115 767 304 817 sidendi
334 768 385 817 in
414 769 612 817 ecclesia
639 777 828 829 nostra,
865 767 1000 831 cujus
1039 766 1325 814 desiderium
1357 785 1447 815 nos
1480 767 1544 815 ad

116 847 451 902 revertendum
482 848 689 896 maxime
722 846 1052 913 persuaderet,
1098 857 1318 910 negatam
1359 864 1547 913 semper

117 923 390 979 facultatem
405 924 696 985 noverimus,
719 939 810 971 nec
831 923 882 972 id
899 923 1040 971 nobis
1060 923 1269 988 permitti
1288 923 1541 987 ullatenus,

115 1003 262 1052 etiam
288 1016 380 1068 pro
401 1003 720 1050 maximorum
747 1012 891 1066 atque
920 1002 1342 1050 illustrissimorum
1367 1003 1544 1067 princi-

115 1095 235 1145 pum
269 1081 604 1129 intercessione
638 1080 953 1147 precibusque
991 1080 1123 1128 factis
1157 1096 1248 1145 pro
1279 1080 1439 1140 nobis,
1470 1081 1545 1128 his

116 1158 414 1223 temporibus
431 1157 606 1224 quibus
627 1157 690 1206 ad
710 1174 870 1222 regem
896 1159 1128 1206 amicitias
1145 1159 1374 1206 maximas
1394 1175 1546 1224 copu-

117 1235 240 1284 lasse
260 1235 668 1297 existimabantur,
697 1251 727 1283 a
752 1251 862 1299 rege
888 1236 1142 1301 impetrare
1163 1237 1475 1301 potuerimus.

185 1312 391 1360 Asseruit
415 1312 557 1360 nobis
581 1313 726 1360 semel
752 1313 951 1376 quidam
978 1313 1128 1360 homo
1155 1314 1401 1377 insigniter
1434 1315 1545 1362 satis

118 1389 291 1438 doctus
320 1400 463 1454 atque
486 1391 734 1451 litteratuS,
759 1406 861 1437 non
889 1391 1088 1454 quidem
1110 1391 1310 1454 vulgari,
1342 1390 1427 1438 sed
1447 1392 1544 1438 sin-

118 1466 271 1531 gulari
292 1467 434 1515 nobis
452 1468 660 1515 amicitia
673 1468 885 1530 junctus,
910 1466 1144 1514 audivisse
1166 1483 1216 1514 se
1239 1469 1543 1516 secretarium

118 1543 377 1609 quemdam
401 1544 699 1592 illustrissimi
721 1545 906 1592 domini
927 1543 1062 1592 ducis
1096 1545 1400 1608 Burgundiae,
1432 1548 1539 1611 qui,

117 1637 176 1669 ex
213 1622 348 1670 curia
380 1623 501 1685 regis
533 1622 595 1669 ad
627 1638 774 1686 quam
805 1638 896 1687 pro
931 1622 1176 1671 nonnullis
1210 1624 1363 1671 causis
1396 1640 1426 1672 a
1454 1642 1542 1672 suo

119 1697 502 1765 flieratprincipe
519 1698 799 1759 destinatus,
818 1709 1075 1759 revertens,
1094 1710 1321 1747 assereret
1334 1717 1384 1747 se
1402 1717 1431 1748 a
1446 1701 1542 1748 fide

118 1779 275 1842 dignis
293 1778 498 1827 audiisse
514 1780 565 1826 in
580 1779 751 1828 eadem
768 1779 902 1828 curia
918 1795 1077 1842 regem
1095 1781 1441 1829 comminatum
1458 1798 1543 1829 no-

118 1858 195 1906 bis
221 1857 495 1905 saevissimas
517 1873 702 1922 poenas,
729 1858 1035 1906 inimicorum
1055 1873 1310 1905 accensum
1327 1859 1543 1908 nefandis

119 1934 518 2001 suggestionibus,
542 1936 582 1982 si
600 1934 859 1999 aliquando
882 1951 973 1983 nos
990 1933 1080 1983 sub
1102 1950 1188 1982 sua
1211 1951 1361 1982 manu
1380 1945 1542 1985 tenere

121 2023 305 2078 posset,
343 2013 569 2078 quodque
602 2030 659 2062 ex
692 2011 833 2061 nobis
859 2023 908 2061 et
934 2012 995 2060 de
1018 2012 1176 2074 nobis,
1201 2013 1334 2076 quod
1358 2016 1541 2063 cunctis

120 2091 291 2140 merito
301 2101 533 2139 terrorem
545 2091 739 2139 deberet
756 2091 984 2152 incutere,
1004 2090 1237 2156 praeberet
1249 2093 1537 2157 exemplum.

122 2173 309 2218 Avertat
335 2173 464 2218 Deus
484 2169 547 2217 ab
569 2169 796 2238 omnibus
820 2169 917 2217 suis
938 2167 1159 2216 fidelibus
1178 2178 1275 2216 tam
1302 2170 1431 2218 triste
1455 2187 1540 2235 pa-

74 2294 77 2298 .
122 2246 427 2312 vendumque
474 2245 774 2313 prodigium!
819 2246 963 2305 Quod
1011 2247 1098 2293 etsi
1146 2247 1351 2308 nemini,
1395 2248 1540 2296 etiam

121 2325 425 2389 quantumvis
442 2325 655 2386 inimico,
673 2324 878 2372 ominari
892 2323 1146 2383 vellemus,
1164 2323 1249 2371 ubi
1270 2334 1431 2372 tamen
1448 2325 1542 2372 tale

113 2401 318 2467 ¹aliquod
346 2401 596 2467 disciplina
623 2401 816 2468 publica
839 2401 1057 2465 salusque
1079 2403 1241 2467 patriae
1270 2403 1541 2468 exemplum

108 2477 331 2545 ,metari
350 2477 646 2542 deposceret,
671 2472 944 2542 optaremus
970 2478 1129 2542 potius
1155 2476 1206 2525 id
1229 2477 1290 2526 de
1321 2477 1435 2537 alic,
1461 2478 1542 2525 tali

124 2551 442 2599 exsecratione
466 2551 613 2615 digno
636 2568 692 2598 ac
715 2551 841 2599 bene
865 2552 1053 2612 merito,
1090 2552 1195 2599 dari
1227 2570 1310 2600 seu
1332 2554 1540 2618 praestari

124 2627 411 2692 exemplum,
438 2644 583 2692 quam
603 2629 734 2694 quod
750 2629 811 2676 de
833 2628 973 2677 nobis
991 2630 1120 2695 ipsis,
1138 2630 1311 2677 nullius
1329 2631 1541 2678 criminis

127 2701 294 2766 procul
312 2701 462 2748 dubio
486 2703 704 2764 consciis,
725 2714 1004 2751 sumeretur.

192 2782 308 2837 Quae
327 2796 401 2827 res
421 2780 582 2840 etiam,
600 2780 797 2827 cumbis
814 2797 919 2844 quae
936 2781 1037 2844 jam
1055 2781 1146 2829 late
1166 2781 1427 2842 retulimus,
1456 2798 1544 2829 nos
