2060 3392
516 313 594 352 274
1083 312 1334 352 APOLOGIA
1347 341 1358 359 ,

514 405 876 453 illustrissimum
886 403 1169 468 principem,
1191 402 1550 450 tunc'comitem
1565 402 1626 450 de
1647 402 1922 469 Charoloys,

517 496 628 530 cum
662 481 887 530 omnibus
907 496 1001 526 suae
1029 489 1172 543 atque
1205 490 1411 545 paternae
1445 480 1620 527 militiae
1640 479 1791 545 copiis
1816 482 1927 530 satis

515 561 718 623 graviter
764 566 1050 622 occupatum
1092 557 1316 605 adversus
1357 557 1606 622 praedictos
1649 557 1922 621 Eburones,

514 653 636 701 quos
658 637 758 701 ipse
777 638 956 682 'contra
985 651 1095 682 eum
1114 635 1163 682 in
1187 651 1320 683 arma
1350 635 1636 694 concitarat,
1671 652 1761 684 nec
1787 651 1926 701 posse

513 731 624 762 eum
645 723 768 780 tunc*
789 712 1076 760 defensionis
1111 713 1283 760 auxilia
1314 729 1540 776 germano
1567 729 1655 760 suo
1685 722 1921 778 praestare.

511 791 606 840 Sed
639 793 677 838 si
710 792 760 838 in
792 791 1063 857 recipienda
1090 792 1382 839 Nox-mannia
1416 801 1465 838 et
1495 791 1776 857 expellendo
1812 791 1926 840 inde

511 882 739 932 germano
773 885 860 916 suo
899 867 1245 934 obtorpuisset,
1284 885 1345 915 ne
1382 868 1539 916 eidem
1577 885 1665 916 suo
1698 884 1925 932 germano

510 948 816 996 auxiliaturus
850 957 1132 1007 accurreret,
1167 947 1465 1012 compescitis
1502 946 1784 994 Eburonum
1817 963 1927 993 mo—

509 1025 653 1087 tibus,
673 1035 755 1073 aut
766 1026 927 1090 copias
937 1040 1044 1072 suas
1057 1025 1119 1073 ad
1131 1026 1288 1091 ipsum
1305 1025 1661 1073 defendendum
1673 1025 1928 1074 destinaret

507 1119 628 1168 saepe
653 1102 808 1150 dictus
833 1103 1024 1150 illustris
1045 1119 1206 1150 comes
1227 1103 1289 1151 de
1310 1103 1586 1167 Clmroloys,
1611 1119 1690 1150 nex
1722 1104 1822 1168 ipse
1850 1119 1927 1151 ve-

507 1180 755 1227 hementer
766 1179 1019 1228 verebatur
1030 1198 1044 1239 3
1064 1190 1111 1227 et
1123 1190 1375 1246 propterea
1390 1197 1558 1238 omnes
1569 1190 1769 1228 conatus
1783 1189 1926 1245 atque

506 1257 650 1319 vires,
679 1274 797 1322 quas
823 1268 940 1305 tunc
962 1257 1141 1305 habere
1164 1268 1374 1323 poterat,
1405 1258 1631 1324 expendit
1659 1267 1735 1325 ut,
1770 1267 1925 1305 matu-

507 1336 605 1382 rius
623 1352 721 1400 quo
744 1346 929 1401 posset,
952 1335 1148 1383 fratrem
1168 1353 1308 1383 suum
1331 1336 1632 1399 Rothomago
1659 1345 1707 1383 et
1731 1342 1830 1383 tota
1850 1352 1927 1383 ex·

506 1413 700 1476 pelleret
734 1414 1043 1461 Normannia.
1074 1413 1186 1461 Vias
1209 1414 1352 1462 etiam
1374 1430 1543 1463 omnes
1570 1423 1712 1477 atque
1735 1413 1922 1471 itinera,

504 1488 679 1553 quibus
704 1490 765 1538 ad
784 1500 958 1538 terram
977 1490 1111 1538 ducis
1136 1491 1418 1555 Burgundiae
1434 1509 1490 1539 ex
1514 1493 1807 1540 Nox-mannia
1839 1508 1925 1557 pa-

509 1576 605 1613 tere
631 1568 861 1631 potuisset
894 1584 1135 1629 accessus,
1173 1577 1270 1614 tam
1305 1578 1468 1615 exacta
1492 1569 1735 1631 vigilantia
1766 1567 1926 1623 obser-

507 1645 606 1691 vari
633 1645 744 1692 fecit
758 1682 771 1706 ,
798 1655 851 1692 ut
884 1647 970 1710 vix,
993 1662 1051 1692 ex
1078 1661 1177 1693 una
1208 1655 1333 1692 terra
1362 1646 1412 1692 in
1450 1646 1646 1693 alteram
1679 1646 1755 1693 vel
1789 1645 1927 1711 lepus

503 1721 702 1768 transire
715 1722 959 1787 potuisset.
978 1722 1235 1771 Firmatum
1245 1723 1459 1789 profecto
1478 1733 1579 1771 erat
1589 1724 1712 1771 inter
1726 1734 1928 1789 utraque

505 1796 720 1847 dominia
734 1815 964 1862 magnum
981 1809 1029 1846 et
1049 1800 1463 1865 expavescendum
1482 1801 1652 1861 chaos,
1668 1802 1732 1849 ita
1746 1811 1798 1848 ut
1809 1802 1928 1851 nulli

502 1892 561 1923 ex
583 1892 683 1923 uno
710 1877 761 1923 in
783 1876 914 1924 aliud
934 1876 1115 1940 absque
1136 1877 1365 1924 eminenti
1386 1879 1551 1925 mortis
1566 1879 1779 1943 periculo
1800 1873 1929 1927 tran-

454 1986 461 1990 -
506 1953 623 1999 situs
643 1962 840 2018 pateret.
855 1953 1017 2013 Quod,
1034 1953 1159 2018 proh
1182 1953 1342 2001 dolor!
1361 1955 1521 2019 plures
1540 1972 1588 2003 se
1600 1956 1683 2003 tali
1698 1955 1928 2020 objicien-

506 2038 575 2077 tes
593 2031 824 2095 periculo,
848 2031 968 2077 tristi
985 2041 1032 2078 et
1049 2031 1274 2080 exitiabili
1296 2032 1558 2080 infortunio
1580 2032 1922 2099 probaverunt.

575 2109 722 2156 Cessit
741 2109 884 2172 igitur
906 2108 1113 2156 fraterno
1136 2110 1284 2157 furori
1308 2119 1450 2173 atque
1480 2111 1637 2175 impiis
1657 2110 1800 2159 armis
1818 2111 1929 2176 piis-

510 2185 656 2232 simus
669 2187 971 2233 Normanniae
991 2186 1111 2248 dux,
1125 2197 1191 2246 et,
1213 2187 1374 2245 relicta
1394 2188 1659 2252 provincia,
1677 2187 1740 2235 ad
1752 2187 1927 2237 ducem

509 2262 723 2326 confugit
741 2263 1006 2311 Britanniae.
1021 2266 1133 2322 Quae
1146 2281 1256 2311 cum
1279 2264 1340 2311 ad
1359 2281 1448 2312 nos
1463 2275 1510 2311 et
1524 2265 1728 2328 collegas
1739 2275 1928 2313 nostros

510 2342 713 2390 infausta
739 2360 864 2390 nova
897 2344 1077 2409 perlata
1102 2344 1314 2406 fuissent,
1352 2335 1581 2410 plur-aque
1609 2362 1714 2410 quae
1744 2362 1830 2410 per
1857 2362 1928 2394 re·

509 2435 616 2483 gem
631 2455 643 2479 ,
669 2430 777 2484 post
805 2431 854 2467 et
874 2431 1042 2469 contra
1069 2438 1099 2469 a
1120 2439 1170 2469 se
1194 2422 1439 2469 civitatum
1462 2433 1508 2469 et
1536 2422 1827 2487 oppidorum
1857 2439 1928 2471 re-

510 2508 759 2563 ceptorum
774 2498 965 2559 accolis,
987 2499 1118 2546 nulla
1139 2499 1261 2547 facta
1278 2501 1576 2565 exceptione,
1592 2500 1726 2547 datas
1749 2510 1796 2548 et
1816 2518 1927 2566 pro-

511 2575 675 2623 missas
702 2575 986 2624 abolitiones
1008 2586 1150 2640 atque
1177 2579 1447 2626 securitates
1465 2579 1782 2643 plenissimas,
1815 2581 1927 2628 satis

511 2652 761 2700 crudeliter
780 2652 986 2700 factitata
1011 2664 1166 2711 erant,
1197 2655 1329 2702 nullo
1353 2655 1501 2703 modo
1521 2667 1677 2704 tutum
1693 2657 1922 2705 existima-

510 2731 665 2781 vimus
698 2732 901 2796 patriam
930 2742 1045 2779 tunc
1075 2732 1274 2780 revisere
1311 2744 1357 2781 et
1386 2734 1475 2782 illis
1505 2735 1711 2784 cervices
1741 2745 1926 2785 nostras

511 2806 750 2872 objectare
793 2808 1038 2873 periculis,
1094 2826 1201 2873 quae
1246 2810 1407 2858 dietim
1458 2812 1632 2861 multos
1674 2813 1924 2862 incutriue
