2060 3392
650 290 795 326 LIBER
823 290 978 328 SECUN
986 290 1095 326 DUS.
1502 289 1577 326 369

157 378 231 425 vir
266 387 456 426 sanctus
485 376 745 442 aliquando
777 387 1040 443 praeceptor
1069 377 1264 442 fuerat),
1289 376 1474 441 sibique
1501 394 1581 424 ex-

158 443 395 520 probrans
411 455 628 503 'Julianus
652 454 830 502 diceret
853 455 1024 518 gratias
1042 471 1091 503 se
1116 470 1254 519 agere
1269 453 1360 502 diis
1378 454 1581 502 deabus-

159 547 254 596 que
274 533 371 580 suis
391 531 526 597 quod
543 548 654 579 eum
675 547 854 578 caecum
874 530 1056 578 videret
1079 549 1090 578 ε
1111 550 1135 576 «
1158 531 1358 590 Gratias,
1383 552 1407 575 »
1429 532 1585 596 inquit

160 608 232 659 vir
248 609 326 657 ille
347 618 555 670 sanctus,
597 628 620 653 (ι
643 625 733 672 ago
756 608 955 656 domino
980 611 1088 656 Jesu
1110 609 1315 671 Christo,
1342 611 1584 657 Nazareno

159 683 404 746 crucifixo,
426 686 540 749 quia
566 695 611 732 te
632 701 732 732 non
756 684 921 744 video;
950 704 973 729 n
1001 685 1154 749 majus
1174 686 1390 751 profecto
1412 687 1589 752 suppli·

159 761 288 810 cium
308 778 395 809 sua
411 761 615 810 orbitate
633 771 875 827 reputans,
896 761 1028 827 quod
1047 763 1239 827 tyranni
1252 763 1438 811 vultum
1454 765 1588 831 impii

160 848 208 887 et
229 839 435 888 crudelis
458 841 752 906 inspexisset.

226 917 351 966 Mala
370 934 485 967 vero
516 918 666 982 gentis
698 928 870 967 nostrae
891 928 938 967 et
967 928 1243 967 sanctorum
1268 920 1495 984 regnique
1519 931 1590 968 to-

161 995 254 1043 tius
279 1005 328 1043 et
352 995 625 1043 accolarum
657 996 804 1061 ipsius
835 1012 1071 1044 aerumnas
1093 1005 1140 1043 et
1172 996 1460 1045 calamitates
1483 1014 1590 1062 per-

161 1072 409 1135 maximas,
434 1073 519 1121 etsi
553 1074 620 1122 eis
651 1073 890 1122 medelam
912 1075 987 1122 vel
1020 1074 1203 1122 nullam
1234 1075 1308 1122 vel
1341 1076 1591 1124 minimam

161 1160 414 1216 prasentes
434 1150 603 1199 afferre
624 1152 960 1218 potuissemus,
989 1153 1141 1200 oculis
1165 1162 1326 1200 tamen
1361 1154 1592 1219 inspicere

163 1244 264 1275 non
281 1245 627 1277 recusassemus
648 1247 738 1277 nec
757 1247 1105 1289 recusaremus,
1131 1241 1179 1278 et
1202 1231 1315 1278 flere
1338 1247 1449 1278 cum
1475 1231 1593 1279 flen-

162 1303 316 1366 tibus,
356 1322 543 1370 gemere
587 1324 699 1355 cum
738 1307 1036 1372 gementibus
1050 1345 1064 1370 ,
1106 1308 1197 1355 nisi
1236 1318 1593 1373 persecutorum

163 1381 391 1432 violentia
409 1393 457 1431 et
477 1385 749 1434 immanitas
765 1401 856 1434 nos
870 1402 1066 1451 prorsus
1086 1401 1116 1434 a
1133 1386 1267 1449 regni
1278 1395 1325 1432 et
1336 1386 1594 1450 provinciae

163 1456 340 1508 finibus
360 1461 698 1526 prohibuisset,
721 1462 1132 1526 quemadmodum
1151 1464 1202 1510 in
1225 1463 1548 1529 superioribus
1564 1481 1593 1512 a

164 1534 307 1584 nobis
338 1538 512 1585 exstitit
541 1539 728 1604 plenius
762 1549 1053 1588 enarratum.
1094 1542 1273 1589 Contra
1315 1557 1435 1605 quas
1481 1558 1593 1589 cum

165 1612 298 1661 nulla
318 1629 430 1680 ope,
464 1615 640 1664 nullius
667 1617 1040 1680 interventione,
1069 1618 1205 1665 nullo
1229 1620 1498 1684 patrocinio
1519 1637 1593 1668 re-

164 1689 380 1741 medium
402 1692 617 1741 invenire
644 1710 927 1743 concessum
948 1695 1110 1756 fuerit,
1145 1696 1230 1743 sed
1253 1712 1283 1743 a
1303 1697 1467 1761 patriis
1488 1697 1594 1744 lari-

163 1770 274 1834 bus,
297 1788 328 1820 a
350 1773 497 1821 natali
521 1774 626 1821 solo
648 1784 695 1822 et
715 1791 745 1822 a
767 1785 869 1823 toto
891 1775 1106 1824 exsulare
1131 1777 1397 1842 oportuerit
1420 1793 1587 1841 regno,

164 1865 362 1914 magnas
385 1851 590 1916 proinde
619 1853 790 1916 gratias
818 1870 907 1901 nos
936 1853 1111 1903 debere
1138 1857 1243 1902 Deo
1272 1856 1591 1920 omnipotenti

163 1926 447 1992 profitemur
468 1939 611 1993 atque
638 1931 1041 1994 recognoscimus,
1064 1931 1195 1997 quod
1222 1948 1378 1998 neque
1400 1934 1591 1997 tyranni

166 2003 352 2052 vultum
384 2000 634 2071 inspicere,
659 2024 818 2072 neque
846 2025 1011 2056 coram
1042 2026 1102 2057 eo
1131 2009 1291 2058 sistere
1320 2011 1397 2058 vel
1431 2011 1475 2059 ei
1506 2028 1589 2077 pa-

166 2097 287 2144 rere,
314 2099 404 2131 nec
429 2083 645 2149 publicas
668 2086 972 2150 privatasque
1000 2078 1145 2135 totius
1167 2088 1374 2152 regionis
1396 2089 1590 2137 calami-

169 2168 286 2208 tates
306 2160 480 2208 intueri
503 2163 677 2210 nostris
697 2164 848 2211 oculis
871 2163 1150 2212 habeamus.

231 2238 331 2286 Tali
366 2238 630 2288 infortunio
675 2257 764 2289 nos
802 2252 1074 2307 reputantes
1112 2253 1373 2308 utcumque
1407 2244 1584 2301 felices,

165 2315 382 2380 lugemus
418 2317 637 2382 profecto
671 2335 727 2366 ac
767 2319 972 2368 multum
1013 2337 1070 2367 ex
1111 2321 1290 2369 intimis
1333 2321 1590 2370 visceribus

167 2394 480 2443 condolemus
510 2396 792 2444 miserandae
823 2398 985 2462 patriae
1009 2403 1205 2464 eJusque
1239 2398 1504 2447 infelicibus
1528 2401 1591 2448 ci-

167 2469 329 2531 vibus,
355 2472 509 2537 quod,
538 2475 642 2521 Deo
665 2474 989 2539 permittente,
1022 2475 1164 2523 talem
1186 2486 1380 2541 tamque
1402 2478 1590 2525 misera-

168 2546 315 2596 bilem
355 2559 533 2597 sortem
570 2551 863 2614 invenerint,
901 2553 1136 2617 tantisque
1165 2553 1471 2601 servitutibus
1498 2555 1591 2600 sint

168 2623 374 2686 addicti,
414 2626 480 2673 sic
521 2627 654 2690 quod
686 2645 794 2692 eos,
828 2630 997 2695 procul
1030 2630 1203 2693 dubio,
1241 2632 1331 2679 sub
1361 2633 1442 2679 tali
1464 2642 1590 2679 sorte

170 2702 357 2765 gravius
370 2711 511 2766 atque
531 2703 780 2767 infelicius,
800 2723 946 2771 quam
963 2724 1052 2756 nos
1073 2708 1202 2773 ipsos
1219 2726 1302 2756 seu
1317 2709 1435 2756 alios
1453 2725 1592 2772 quos-

168 2777 304 2839 libet,
330 2772 621 2828 miserabiles
642 2799 779 2831 casus
798 2795 1036 2850 expertOS,
1057 2786 1269 2833 exsulare
1291 2803 1389 2832 non
1409 2785 1594 2834 dubite-

302 2870 350 2894 m
1330 2865 1381 2902 24
