2060 3392
711 243 857 281 LIBER
883 243 1155 282 SECUNDUS.
1558 248 1633 285 389

226 338 325 380 tam
360 329 628 394 frequenter
665 330 863 394 legimus
896 331 944 378 in
981 331 1221 396 scripturis
1257 331 1430 380 sanctis
1464 348 1493 379 a
1531 336 1635 381 Deo

223 406 506 472 repromissa
526 405 600 454 his
620 407 702 471 qui
731 406 807 454 vel
827 416 1022 472 propter
1037 407 1267 470 justitiam
1286 408 1636 474 persecutiones

223 483 484 549 patiuntur,
509 493 557 530 et
575 483 651 530 vel
672 483 855 547 injuriis
886 484 1034 531 exsilii
1067 501 1149 532 seu
1176 485 1534 551 proscriptionis
1554 496 1638 533 aut

222 558 502 625 direptionis
541 559 785 608 bonorum
830 571 914 608 aut
957 561 1060 609 aliis
1102 562 1506 626 quibuscumque,
1552 579 1632 610 seu

221 636 366 684 etiam
393 637 607 702 corporis
636 636 922 684 cruciatibus
957 639 1032 685 vel
1060 649 1231 701 morte,
1266 655 1355 704 pro
1382 639 1560 703 justitia
1589 650 1636 687 et

220 714 414 762 veritate
428 713 715 776 afficiuntur,
744 725 797 762 ut
812 715 1027 780 profecto
1046 716 1362 764 consideratio
1379 718 1498 765 tanti
1516 735 1635 783 prae·

220 790 304 837 mii
325 807 382 839 ac
403 791 634 839 mercedis
655 807 850 839 omnem
868 793 966 840 vim
985 792 1165 841 doloris
1182 804 1230 841 et
1246 794 1483 842 cruciatus
1503 811 1637 842 exsu-

218 876 352 931 peret
372 877 419 915 et
445 868 806 932 quodammodo
829 869 967 917 faciat
998 869 1229 918 oblivisci.
1255 873 1364 918 Haec
1384 887 1507 936 spes,
1533 871 1635 919 haec

219 941 393 992 fiducia
415 961 584 993 omnes
599 946 751 1010 justos
771 963 828 994 ac
846 957 1034 995 sanctos
1052 958 1150 996 tam
1166 948 1336 995 veteris
1347 964 1494 1012 quam
1520 949 1634 995 novi

217 1021 500 1070 Testamenti
531 1024 731 1070 armavit
767 1025 1055 1086 constantia,
1100 1025 1327 1090 patientia
1362 1024 1628 1087 roboravit,

219 1095 401 1152 fervore
424 1099 691 1148 dilectionis
720 1101 960 1163 accendit,
995 1103 1062 1150 ita
1091 1111 1145 1149 ut
1178 1102 1229 1148 in
1263 1102 1359 1150 suis
1390 1101 1632 1167 qualibus·

217 1189 423 1240 cumque
438 1177 822 1226 tribulationibus
842 1188 890 1225 et
906 1178 1258 1240 afflictionibus,
1278 1177 1373 1226 fide
1390 1188 1437 1225 et
1454 1179 1633 1243 patien-

219 1247 283 1299 tia
304 1251 425 1315 fulti,
448 1254 647 1302 vicerint
669 1271 815 1318 regna
838 1265 980 1319 atque
999 1266 1229 1320 tyrannos
1248 1264 1296 1302 et
1318 1271 1631 1320 quaecumque

215 1327 337 1390 dura
358 1339 406 1377 et
426 1346 592 1396 aspera
609 1349 697 1398 pro
717 1332 828 1394 fide,
852 1349 941 1398 pro
954 1333 1152 1398 justitia,
1179 1349 1269 1398 pro
1291 1333 1486 1380 veritate
1504 1332 1632 1379 forti·

215 1413 288 1452 ter
310 1421 369 1454 ac
399 1409 632 1472 patienter
663 1410 966 1475 pertulerint,
998 1411 1268 1458 circuierint
1298 1410 1349 1456 in
1376 1409 1563 1456 melotis
1582 1419 1630 1457 et

216 1483 418 1548 pellibus
438 1487 644 1552 caprinis
665 1488 933 1552 angustiati,
960 1498 1168 1552 egentes,
1193 1487 1357 1535 afflicti
1385 1487 1434 1534 in
1464 1486 1628 1535 solitu-

214 1559 424 1623 dinibus,
448 1574 658 1612 errantes
674 1565 724 1611 in
747 1564 991 1612 montibus
1012 1575 1058 1612 et
1077 1564 1314 1630 speluncis
1336 1574 1384 1612 et
1401 1565 1450 1612 in
1470 1581 1629 1613 caver-

215 1638 290 1687 nis
317 1649 466 1689 terrae.
497 1641 680 1700 Quibus
704 1643 918 1708 profecto
948 1643 1119 1707 dignus
1146 1659 1245 1689 non
1274 1653 1375 1690 erat
1396 1642 1622 1690 mundus.

215 1717 348 1780 Ipsos
382 1718 511 1765 enim
538 1719 734 1766 interius
762 1720 963 1767 docente
988 1720 1152 1766 divino
1183 1719 1351 1783 spiritu
1380 1728 1522 1783 atque
1554 1736 1628 1768 ro-

213 1790 416 1841 borante
436 1793 548 1856 fide,
565 1797 665 1859 jam
680 1806 1002 1861 praeceperant
1021 1796 1154 1860 quod
1167 1795 1335 1844 beatus
1353 1797 1622 1861 Apostolus,

215 1870 426 1933 gentium
450 1871 637 1933 doctor,
662 1882 828 1938 postea
847 1873 910 1921 ad
934 1876 1175 1922 Romanos
1195 1874 1378 1939 scripsit
1401 1890 1412 1919 z
1442 1893 1463 1918 «
1493 1876 1625 1932 Quo·

214 1946 345 1994 niam
364 1964 463 1995 non
485 1958 597 2001 sunt
620 1949 870 2013 condignae
893 1950 1135 2015 passiones
1157 1950 1300 2013 hujus
1321 1951 1547 2015 temporis
1564 1950 1626 1998 ad

215 2022 421 2072 futuram
446 2025 660 2088 gloriam,
687 2043 792 2091 quae
813 2027 1098 2075 revelabitur
1115 2028 1165 2075 in
1184 2026 1341 2075 nobis.
1368 2046 1392 2072 n

278 2103 388 2150 Haec
416 2104 592 2169 quippe
621 2105 959 2170 scripturarum
991 2105 1255 2153 consolatio
1281 2114 1328 2152 et
1356 2103 1627 2153 divinarum

212 2189 354 2245 atque
405 2191 687 2229 aeternarum
736 2182 1104 2248 promissionum
1156 2182 1294 2231 firma
1342 2184 1626 2248 exspectatio

213 2274 407 2306 omnem
435 2260 502 2308 eis
535 2259 851 2308 tribulationis
875 2260 1266 2323 amaritudinem,
1302 2277 1498 2308 omnem
1527 2262 1625 2308 vim

211 2336 391 2385 doloris
407 2339 647 2386 exterioris
667 2338 877 2386 hominis
894 2355 979 2403 per
999 2338 1233 2386 interioris
1251 2339 1627 2387 consolationem

210 2414 260 2462 in
278 2415 581 2463 dulcedinem
603 2416 755 2463 vertit.
780 2419 887 2463 Haec
912 2432 1024 2464 sane
1046 2417 1332 2464 esurientem
1354 2417 1564 2464 animam
1582 2427 1627 2464 et

210 2509 343 2558 paene
361 2492 651 2557 Jamjamque
672 2493 901 2558 pressuris
927 2492 1262 2542 adversitatum
1294 2503 1340 2541 et
1370 2493 1630 2541 tribulatio-

212 2586 328 2616 num
351 2569 667 2631 deficientem,
693 2570 969 2618 suavissimo
999 2579 1140 2634 atque
1167 2569 1458 2618 validissimo
1481 2570 1627 2616 divini

210 2644 341 2693 verbi
363 2646 555 2710 eloquio
578 2656 758 2694 recreat
776 2655 824 2693 et
844 2645 1017 2707 reficit,
1044 2646 1107 2694 ita
1132 2656 1200 2707 ut,
1227 2646 1307 2694 tali
1334 2645 1628 2693 nobilissimo

211 2721 435 2770 roborata
459 2732 610 2787 pastu,
637 2722 765 2770 bona
795 2739 878 2787 spe
901 2722 1119 2785 subnixa,
1140 2739 1286 2787 quam
1308 2723 1436 2770 velut
1457 2723 1628 2769 animae
