2060 3392
458 227 461 232 '
487 240 562 275 με
855 239 1194 278 HISTORIARUM
1217 240 1453 280 Lunovm1
1479 243 1536 279 xl

485 343 541 374 ac
560 326 849 391 dejectione,
874 327 1271 392 Enghelbertique
1289 330 1362 377 sui
1382 329 1734 395 sublimatione,
1753 335 1898 399 potiri

486 405 680 453 minime
702 404 994 453 dubitarunt.

922 595 993 640 CA
1002 596 1259 649 PITULUM
1294 597 1457 642 XXIX.

483 733 535 766 De
551 730 752 765 exsecrabili
771 730 951 778 sacrilegio
970 731 1065 766 necis
1085 731 1240 779 episcopi
1257 731 1472 777 Leodiensis‚
1490 733 1683 769 commissae
1698 746 1763 782 per
1777 733 1898 771 domi-

530 799 616 833 num
635 786 874 822 Wilhelmum
889 785 933 821 de
950 787 1164 832 manherch,
1187 788 1224 822 in
1241 789 1341 836 cujus
1357 790 1587 837 prosperitate
1603 798 1637 825 et
1656 790 1789 826 auxilio
1806 791 1898 827 nedi-

530 843 610 878 tiosi
622 844 860 891 Trajectenses
874 844 1067 892 plurimum
1079 845 1151 893 spei
1167 846 1387 893 reponebant
1397 847 1423 881 '.
1815 843 1820 849 ’

548 976 644 1020 Nec
679 983 838 1021 tamen
875 975 926 1021 in
962 975 1029 1022 eis
1063 975 1174 1022 solis
1196 975 1317 1038 regis
1342 991 1397 1023 ac
1420 976 1647 1041 principis
1671 977 1898 1026 Cliv-ensis

483 1050 702 1098 subsidiis
721 1088 733 1112 ‚
777 1060 829 1098 ut
859 1068 945 1116 per
971 1068 1140 1099 eorum
1165 1052 1338 1100 auxilia
1360 1052 1423 1100 ad
1451 1054 1707 1119 concupita
1731 1071 1898 1120 perve-

483 1125 663 1186 nirent,
705 1142 804 1173 sese
841 1125 1123 1185 fulciebant3
1166 1126 1249 1174 sed
1283 1136 1329 1174 et
1354 1127 1415 1174 de
1441 1127 1649 1188 auxiliis,
1683 1145 1789 1192 quae
1812 1146 1899 1194 per

482 1203 740 1266 quemdam
767 1204 968 1269 impium
997 1215 1044 1252 et
1065 1206 1343 1268 sacrilegum
1368 1205 1660 1253 homicidam
1676 1243 1689 1268 ,
1717 1207 1898 1256 Willel·

482 1296 616 1327 mum
647 1280 707 1327 de
742 1281 1029 1329 Aremberck
1042 1285 1073 1344 ²,
1109 1299 1158 1330 se
1192 1281 1439 1330 habituros
1474 1282 1804 1346 confidebant,
1848 1301 1897 1332 se

482 1358 685 1405 maxime
712 1358 1008 1421 jactitabant.
1504 1356 1507 1358 ⁵

546 1437 590 1481 Is
612 1451 723 1482 cum
756 1445 877 1483 esset
910 1437 1134 1498 vassallus
1167 1447 1215 1486 et
1241 1438 1452 1501 homagii
1485 1447 1781 1486 sacramento
1809 1437 1897 1486 ob-

481 1511 668 1559 strictus
705 1512 904 1560 domino
948 1530 1036 1561 suo
1082 1524 1224 1578 atque
1266 1514 1482 1580 pontifici
1520 1515 1746 1580 episcopo
1774 1518 1896 1564 Leo-

481 1589 632 1636 diensi
644 1591 675 1648 ³,
699 1589 760 1637 ab
781 1606 862 1652 eo,
896 1601 1092 1656 propter
1114 1591 1337 1657 perfidias
1368 1609 1423 1640 ac
1451 1592 1737 1657 proditorias
1758 1593 1897 1639 moli-

480 1669 634 1717 tiones
666 1671 717 1716 in
742 1687 816 1732 se,
843 1671 1095 1719 dominum
1121 1690 1260 1720 suum
1277 1710 1289 1734 ,
1315 1674 1546 1738 pluraque
1567 1672 1660 1720 alia
1682 1674 1898 1737 enormia
1939 1699 1941 1701 ·

480 1747 680 1795 crimina
699 1749 730 1809 ¹⁰,
755 1747 817 1795 ab
836 1747 1008 1796 eodem
1027 1750 1253 1814 episcopo
1276 1751 1568 1816 proscriptus
1591 1765 1648 1798 ac
1671 1749 1897 1798 bannitus

481 1825 631 1872 fuerat
666 1826 726 1874 de
748 1835 851 1872 toto
885 1826 1103 1874 dominio
1132 1844 1246 1888 suo,
1276 1838 1322 1875 et
1354 1828 1449 1875 hoc
1481 1844 1592 1874 cum
1619 1827 1819 1875 consilio
1850 1837 1897 1876 et

481 1917 673 1949 assensu
694 1902 930 1956 nobilium
951 1913 999 1950 et
1020 1905 1238 1952 Statuum
1253 1906 1398 1953 totius
1419 1906 1580 1971 patriae
1604 1904 1892 1953 Leodiensis.

482 1981 597 2036 Quae
625 1996 736 2028 cum
763 1980 863 2043 ejus
890 1981 1105 2028 animum
1138 1981 1472 2047 hujUscemodi
1497 1982 1781 2048 proscriptio
1817 1999 1897 2030 ve·
1932 2039 1936 2044 ,

479 2055 725 2105 hementer
747 2068 930 2118 ureret,
956 2061 1420 2123 eamquelaegerrime
1449 2060 1588 2107 ferret
1602 2097 1614 2119 ‚
1640 2075 1740 2107 non
1765 2060 1897 2123 igno-

479 2143 604 2180 raret
618 2134 758 2182 etiam
777 2131 1186 2198 quemadmodum
1202 2140 1494 2184 Francorum
1512 2153 1610 2198 rex,
1625 2145 1678 2183 ut
1691 2135 1895 2184 liberum

478 2210 527 2255 in
551 2209 852 2258 Brabantiam
879 2221 927 2259 et
961 2221 1108 2260 terras
1133 2214 1383 2260 comitatus
1415 2213 1744 2260 Namurcensis
1762 2251 1774 2274 ,
1810 2230 1898 2278 per

478 2297 624 2335 terras
655 2289 867 2355 episcopi
898 2290 1196 2352 Leodiensis,
1223 2308 1345 2339 suus
1370 2292 1600 2340 exercitus
1631 2292 1895 2356 ingressum

533 2427 570 2463 1.
601 2425 779 2477 Chapitre
796 2425 972 2478 imprime
993 2426 1087 2464 dans
1106 2427 1378 2477 l'Amplissima
1395 2431 1571 2467 collectio,

531 2488 570 2528 2.
600 2489 814 2527 Guillaume
839 2489 887 2527 de
908 2492 962 2528 La
985 2490 1135 2536 Marck‚
1162 2499 1287 2529 comte
1305 2490 1571 2543 d’Aremberg,
1597 2490 1773 2544 seigneur
1791 2491 1894 2530 (1Ἀὶ-

476 2559 652 2602 gremont
665 2580 675 2598 ‚
699 2551 919 2590 surnomme
940 2555 978 2589 la
995 2552 1121 2590 Barbe
1139 2561 1177 2590 et
1194 2555 1228 2590 le
1250 2555 1374 2604 grand
1390 2556 1560 2604 sanglier
1582 2555 1819 2592 d'Ardenne.

531 2615 568 2652 3.
601 2613 716 2652 Louis
749 2613 796 2652 de
825 2613 1006 2652 Bourbon
1031 2613 1161 2652 l'avait
1183 2614 1261 2666 pris
1285 2628 1385 2667 pour
1402 2614 1598 2652 mainbour
1619 2629 1671 2654 ou
1698 2616 1821 2654 avoue
1847 2614 1894 2654 de

477 2689 546 2713 son
567 2676 709 2714 eveche
727 2676 860 2729 depuis
878 2677 915 2716 la
935 2686 1033 2715 mort
1051 2677 1099 2715 de
1118 2677 1272 2716 Charles
1289 2678 1327 2716 le
1343 2678 1573 2718 Temeraire.

531 2742 568 2779 4.
600 2743 716 2779 Entre
733 2750 861 2780 autres
878 2740 1109 2779 l'assassinat
1128 2741 1179 2779 du
1198 2741 1413 2780 chancelier
1433 2741 1481 2779 de
1500 2742 1689 2794 l'eveque.
