2060 3392
468 306 545 343 ³16
1038 298 1289 338 APOLOGIA
1305 329 1316 348 ‚

467 402 609 455 taque
639 390 876 456 possibilis
909 387 1054 435 nobis'
1070 397 1193 446 erat,
1223 386 1352 434 dicto
1383 384 1694 432 illustrissimo
1719 400 1775 432 ac
1803 384 1885 433 be-

470 470 745 533 nignissimo
767 467 971 533 principi
995 465 1159 513 habita
1183 464 1437 527 gratiarum
1471 463 1685 523 actione,
1711 461 1884 510 subsis-

470 558 566 595 tere
588 564 677 612 pro
701 557 917 611 tempore
940 543 1262 603 decrevimus,
1291 558 1381 589 nec
1411 541 1614 606 amplius
1647 540 1881 604 aliquem,

467 635 520 671 ut
540 641 629 690 pro
652 623 793 671 nobis
814 623 1094 669 intercessor
1116 620 1270 682 fieret,
1294 620 1486 683 fatigare
1499 656 1512 681 ‚
1533 634 1645 665 cum
1662 617 1886 666 inde‘nec

469 702 675 748 fructum
699 701 878 762 ullum,
916 699 1002 747 sed
1030 699 1178 763 magis
1203 697 1498 746 accensionis
1529 695 1660 742 suriae
1693 695 1886 760 majoris

468 779 734 843 periculum
765 777 1017 843 provenire
1052 776 1336 823 videremus.

533 859 752 919 Longum
798 865 918 903 esset
961 855 1001 902 si
1040 854 1115 901 vel
1162 853 1384 919 epistolas
1426 851 1886 915 humanissimasque

467 951 631 999 preces
643 970 656 993 ‚
689 951 779 1000 pro
803 933 942 980 nobis
959 949 1045 998 per
1062 932 1306 997 praefatum
1328 930 1692 978 illustrissimum
1709 929 1887 995 princi-

469 1028 582 1076 pem
605 1011 771 1070 sactas‚
808 1011 883 1059 vel
906 1009 1026 1057 feras
1039 1046 1052 1069 ‚
1078 1019 1233 1056 truces
1256 1019 1397 1072 atque
1432 1007 1661 1055 barbaras
1693 1023 1889 1073 respon-

467 1089 624 1136 siones
646 1090 709 1137 ad
733 1105 811 1136 eas
834 1099 881 1136 et
901 1087 1058 1135 verbis
1078 1097 1126 1134 et
1151 1087 1334 1152 scriptis
1344 1085 1555 1145 habitas,
1580 1085 1694 1136 huic
1716 1093 1888 1155 nostrae

467 1166 696 1231 apologiae
709 1167 938 1214 vellemus
957 1166 1178 1212 inserere.
1200 1163 1343 1223 Quod
1360 1163 1555 1228 quidem
1577 1163 1730 1211 facere
1746 1163 1887 1210 omit·

467 1246 609 1292 timus
624 1282 636 1306 ,
667 1261 728 1291 ne
750 1244 991 1292 fastidium
1012 1242 1276 1306 legentibus
1302 1241 1584 1307 parturianu
1612 1243 1729 1288 Tam
1757 1240 1888 1287 enim

416 1368 421 1371 ,
467 1322 726 1369 manifestis
745 1322 1006 1369 mendaciis
1027 1320 1208 1368 refertae
1234 1329 1371 1366 erant
1387 1317 1665 1382 hujusmodi
1687 1333 1886 1383 respon-

467 1401 641 1461 siones,
667 1400 799 1464 quod
821 1400 958 1447 valde
978 1399 1247 1446 mirandum
1266 1408 1337 1445 est
1358 1397 1606 1462 quomodo
1630 1397 1748 1444 tanti
1762 1396 1890 1462 prin-

467 1479 584 1543 cipis
605 1479 743 1526 titulo
773 1495 829 1525 ac
865 1478 1060 1524 nomine
1091 1487 1190 1524 tam
1221 1486 1384 1541 aperta
1406 1475 1658 1522 mendacia
1678 1474 1889 1538 confingi

466 1557 724 1620 litterisque
747 1555 965 1603 mandari
999 1563 1274 1620 potuerunt.
1303 1553 1398 1601 Sed
1420 1569 1477 1600 ea
1494 1569 1594 1599 non
1615 1551 1888 1610 dubitamus

468 1634 666 1680 minime
686 1651 743 1680 ex
762 1634 883 1697 regis
896 1633 1204 1692 conscientia,
1233 1630 1316 1678 sed
1338 1631 1644 1677 inimicorum
1665 1628 1891 1677 adinven-

468 1712 678 1759 tionibus
709 1712 924 1777 pessimis
951 1726 1194 1758 emanasse
1223 1728 1233 1756 :
1260 1709 1344 1773 qui
1371 1708 1498 1756 falsis
1522 1707 1617 1754 suis
1637 1717 1686 1754 et
1706 1706 1889 1755 calum-

469 1790 613 1837 niosis
647 1788 1060 1837 criminationibus
1097 1798 1310 1835 nostram
1340 1786 1737 1833 existimationem
1758 1784 1887 1850 apud

468 1867 714 1932 praefatum
755 1867 927 1914 ducem
969 1865 1335 1912 illustrissimum
1378 1864 1489 1911 totis
1533 1863 1710 1910 viribus
1748 1877 1890 1910 cona-

467 1945 644 1992 bantur
686 1961 908 2006 onerare,
953 1944 1202 2006 denigrare
1247 1952 1295 1989 et
1340 1942 1614 2006 suggillare,
1665 1957 1726 1988 ne
1766 1939 1889 1987 ultra

468 2039 607 2070 suum
642 2022 783 2070 nobis
811 2021 1131 2087 patrocinium
1157 2021 1434 2086 impertiret.
1472 2023 1643 2066 Praeter
1679 2018 1775 2065 hoc
1815 2027 1887 2065 ta²

468 2117 580 2147 men
603 2101 735 2164 quod
757 2100 1050 2165 apertissima
1070 2098 1321 2146 mendacia
1342 2108 1389 2144 et
1409 2114 1542 2163 paene
1560 2096 1784 2144 omnibus
1802 2113 1888 2143 no-

467 2179 591 2225 toria
624 2177 960 2238 continebant,
992 2177 1134 2223 etiam
1166 2186 1263 2224 tam
1286 2176 1406 2240 (esto
1435 2175 1578 2222 etiam
1600 2173 1732 2238 quod
1763 2189 1885 2220 verae

469 2255 770 2318 exstitissent)
795 2254 1010 2302 absurdae
1039 2265 1174 2302 erant
1195 2263 1243 2300 et
1266 2253 1459 2312 frivolae,
1496 2262 1550 2298 ut
1571 2260 1697 2298 certe
1728 2249 1887 2315 pudor

467 2349 567 2379 esse
592 2332 832 2380 debuisset
867 2332 977 2379 talia
1007 2330 1186 2396 probra
1224 2331 1275 2378 in
1311 2345 1603 2395 quemquam
1637 2327 1885 2376 hominem

463 2409 712 2472 jactitasse.
751 2409 845 2456 Sed
877 2409 1041 2456 omnia
1067 2408 1167 2455 haec
1193 2407 1362 2471 agebat
1395 2423 1476 2454 rex
1507 2403 1886 2470 suggestionibus

466 2485 705 2533 dictorum
726 2487 1041 2551 pessimorum
1075 2495 1122 2532 et
1159 2486 1495 2532 sceleratorum
1529 2483 1765 2541 virorum,
1797 2482 1886 2527 sci-

464 2563 574 2610 licet
600 2580 722 2628 saepe
747 2563 981 2610 nominati
1003 2562 1136 2627 impii
1158 2562 1366 2609 satellitis
1387 2571 1435 2608 et
1455 2578 1671 2608 suorum.

2037 3028 2060 3063 u
2057 3010 2060 3011 ,
2052 2959 2058 2967 -
2046 2837 2060 2946 „mm->a
