2060 3392
704 300 851 339 unm
877 300 1078 340 sums.
1546 302 1597 340 43

248 389 374 439 Cum
393 403 508 437 vero
528 405 611 437 rex
632 397 753 436 esset
775 387 1007 448 Atrebati,
1032 388 1116 436 uhi
1136 398 1184 436 et
1206 404 1293 454 per
1310 405 1481 437 omnes
1505 400 1598 438 ter·

184 481 261 519 tas
277 467 463 516 Artesiae
490 476 539 514 et
558 466 745 515 Pontivi
769 467 1144 515 numerosiorem
1165 467 1316 514 multo
1337 466 1599 532 meliusque

185 545 329 592 armis
359 545 641 592 instructum
667 544 924 592 exercitum
953 545 1283 610 expeditorum
1303 545 1517 608 equitum
1544 563 1601 595 ae

184 621 424 688 peditum
427 621 636 670 'effusum
667 620 896 678 haberet,
927 638 1027 669 non
1055 632 1216 671 tamen
1241 639 1382 671 ausus
1410 632 1481 670 est
1514 639 1602 670 ne-

174 714 281 764 xque
305 698 559 750 eonsilium
590 708 673 746 aut
698 698 886 746 animus
915 699 1006 747 sibi
1027 699 1143 760 filit,
1172 699 1369 763 aliquod
1398 699 1602 765 oppido·

185 791 295 830 rum
324 776 460 826 ducis
482 775 736 824 obsidione
761 775 936 824 vallare
960 787 1042 824 aut
1067 778 1211 825 armis
1236 776 1427 841 aggredi
1456 793 1603 843 expu-

186 869 351 918 gnam,
372 869 430 902 ex
450 864 510 902 eo
531 863 766 918 tempore,
787 869 886 917 quo
904 853 1079 902 ducem
1097 855 1159 903 ad
1182 864 1395 960 patentes
1411 870 1605 920 campos

186 931 353 983 exiisse
373 930 616 995 cognovit.

252 1007 504 1058 Paululum
527 1006 750 1074 equidem
771 1024 858 1073 per
881 1018 1022 1057 antea
1040 1009 1156 1073 regii
1175 1008 1460 1075 oppidulum
1484 1011 1607 1057 Con·

185 1084 355 1138 ,datum
366 1087 632 1135 Hannoniae
650 1085 932 1134 brevissima
950 1085 1219 1143 obsidione,
1240 1103 1354 1134 cum
1365 1087 1609 1134 nonnullis

190 1163 348 1230 parvis
370 1163 573 1212 castellis
588 1198 601 1220 ,
638 1163 700 1211 ad
738 1161 1033 1211 deditionem
1065 1163 1331 1212 faciendam
1365 1164 1609 1229 compule-

192 1246 345 1292 rant¹.
372 1240 467 1288 Sed
490 1257 638 1306 quam
664 1242 877 1307 primum
897 1252 1228 1305 cognoverunt
1250 1241 1424 1288 ducem
1444 1258 1502 1288 ex
1524 1258 1611 1307 op-

190 1318 309 1385 pido
330 1320 566 1368 Montium
587 1320 886 1379 Hannoniae²‚
906 1319 990 1367 ubi
1008 1336 1115 1368 suas
1135 1321 1298 1385 copias
1317 1331 1609 1384 aggregarat,

193 1407 346 1452 casua
375 1391 569 1446 movere
584 1433 598 1455 ‚
634 1399 800 1447 Franci
837 1398 921 1461 qui
945 1397 1150 1446 Condati
1172 1408 1497 1446 remanserant
1510 1434 1524 1456 ,
1553 1399 1612 1446 de

192 1475 288 1524 loci
314 1475 590 1524 defensione
617 1475 789 1536 diffisi,
822 1476 986 1523 relicto
1016 1475 1199 1540 oppido
1231 1485 1280 1523 et
1310 1476 1360 1522 in
1385 1485 1520 1540 parte
1544 1477 1615 1522 in-

136 1565 141 1571 “
192 1569 338 1603 censo
361 1562 505 1618 atque
527 1552 732 1618 direpto,
752 1553 989 1601 abierunt.
1011 1555 1070 1600 Et
1088 1553 1301 1600 similiter
1315 1553 1408 1601 alia
1426 1553 1615 1600 castella

192 1639 242 1685 et
273 1646 422 1691 arceS,
459 1647 579 1695 quas
615 1631 838 1695 proximo
871 1640 982 1679 ante
1012 1641 1306 1695 receperant,
1332 1640 1611 1678 vacuarunt.

261 1709 374 1756 Post
400 1707 524 1767 hoc,
555 1707 624 1754 uti
656 1706 889 1766 diximus,
915 1707 1047 1755 venit
1070 1707 1192 1768 dux,
1225 1717 1274 1754 et
1294 1708 1429 1770 juxta
1453 1707 1616 1754 villam

195 1784 312 1838 dieti
342 1784 769 1852 Pontis-Avendini
797 1795 951 1833 castra
971 1794 1174 1833 metatus
1195 1784 1319 1850 [est].
1354 1786 1448 1843 Qui
1462 1821 1475 1846 ‚
1505 1802 1618 1832 cum

197 1862 399 1911 videret⁸
423 1861 632 1910 Atrebati
666 1878 827 1925 regem
860 1862 991 1910 velut
1023 1862 1295 1909 delitescere
1309 1898 1322 1921 ,
1360 1879 1450 1909 nec
1483 1862 1619 1909 dimi-

199 1938 341 1989 candi
370 1940 421 1988 in
448 1939 607 2004 palam
640 1949 688 1987 et
714 1939 887 2004 patulis
920 1940 1101 2004 campis
1130 1939 1284 1986 facere
1308 1939 1522 2004 copiam,
1548 1939 1619 1987 uti

199 2015 327 2066 fama
360 2016 614 2077 ferebatur,
652 2034 764 2064 eum
798 2014 1045 2065 ausus'est
1082 2033 1167 2082 per
1207 2018 1524 2064 internuntios
1556 2018 1619 2065 ad

200 2103 441 2143 certamen
459 2110 723 2159 provocare
734 2130 747 2153 ‚
774 2104 822 2141 et
837 2094 900 2142 ad
918 2094 1140 2159 proelium
1160 2094 1378 2159 patulum
1399 2110 1616 2155 evocare,

200 2180 250 2219 et
296 2170 381 2236 (ut
424 2171 566 2234 vulgo
612 2171 707 2218 dici
755 2171 906 2235 solet)
958 2170 1194 2219 diffidare.
1245 2172 1340 2219 Sed
1385 2171 1621 2236 quidquid

202 2247 317 2297 inde
351 2248 508 2310 fucrit,
546 2266 626 2298 rex
656 2249 820 2314 copias
858 2264 966 2296 suas
979 2286 992 2310 ,
1027 2249 1138 2296 licet
1163 2249 1394 2296 maximas
1432 2259 1479 2296 et
1507 2249 1622 2296 vali·

203 2324 420 2375 dissimas
450 2325 648 2375 haberet
663 2328 694 2388 ⁶,
727 2326 993 2391 periculum
1027 2326 1299 2374 certaminis
1330 2342 1430 2373 non
1465 2326 1622 2373 existi·

260 2489 301 2527 1.
329 2487 482 2536 nonde,
501 2487 647 2540 assiege
665 2500 736 2540 par
760 2487 797 2526 le
817 2487 950 2528 roien
971 2500 1186 2541 personne,
1210 2500 1253 2527 se
1270 2487 1396 2528 rendit
1417 2488 1453 2526 le
1475 2490 1528 2526 1·
1547 2486 1623 2526 mai

209 2550 442 2651 1Ι*;.8.Μοιις>
458 2625 506 2651 en
525 2612 707 2652 Hainaut.

264 2676 303 2713 3.
334 2675 516 2713 Viderent
537 2675 631 2714 dans
649 2676 685 2714 le
704 2688 789 2721 ms..

266 2739 303 2775 4.
332 2736 440 2774 Trois
459 2737 561 2775 mille
580 2738 708 2776 lances
727 2747 765 2776 et
782 2738 920 2789 quinze
938 2738 1041 2776 mille
1059 2737 1374 2783 francsparchers,
1388 2736 1496 2774 selon
1515 2735 1623 2773 Moli-

214 2807 301 2846 net‚
324 2806 354 2838 t.
375 2800 437 2846 11,
457 2800 520 2837 ch.
542 2812 605 2837 u.
