2060 3392
448 230 451 234 ’
509 225 583 261 106
873 223 1210 259 HISTORIARUM
1236 222 1470 259 LUDOVICI
1497 223 1552 259 XI

572 311 779 356 Fuerunt
795 309 974 357 interea
990 307 1205 377 pluribus
1227 318 1274 356 et
1289 308 1430 356 variis
1447 309 1498 356 in
1518 309 1635 356 locis
1653 322 1916 365 conventus

506 386 732 451 partium,
774 402 864 452 pro
900 402 1018 451 pace
1056 386 1130 433 vel
1174 395 1334 449 treuga
1375 386 1586 434 ineunda
1622 397 1670 434 et
1697 389 1916 438 ,reconci-

504 464 663 516 lianda
678 503 691 526 ,
733 464 861 513 nunc
895 481 1007 511 cum
1038 464 1200 528 legatis
1234 481 1319 513 seu
1355 465 1616 513 commissis
1646 464 1883 530 pontificis
1898 502 1912 528 ,

506 558 634 589 nunc
652 559 763 589 cum
779 542 941 605 legatis
958 541 1093 588 ducis
1111 542 1324 604 Austriae‚
1345 558 1467 607 saepe
1486 541 1627 590 etiam
1645 533 1756 590 cum
1778 543 1916 592 utris-

504 635 597 682 que
611 657 623 680 ,
651 619 892 667 celebrati.
923 619 1016 666 Sed
1036 619 1086 667 in
1111 619 1333 668 omnibus
1349 657 1362 681 ‚
1387 637 1499 667 cum
1520 636 1707 685 semper
1728 623 1916 672 Amers-

505 696 761 744 fordienses
782 707 829 744 et
847 697 1161 761 Trajectenses
1191 715 1331 745 suum
1355 697 1632 763 pontificem
1657 714 1714 746 ac
1745 698 1916 764 princi*-

503 790 614 838 pem
660 774 999 838 recognoscere
1045 776 1413 840 pertinacissime
1457 792 1513 824 ac
1554 775 1916 840 obstinatissime

502 862 798 914 recusarent,
823 868 1072 917 nunquam
1102 869 1158 899 ex
1180 851 1454 916 hujusmodi
1487 851 1804 901 conventibus
1831 852 1916 900 ali—

502 929 606 992 quis
648 928 807 977 bonus
848 930 1026 978 fructus
1063 939 1235 995 optatae
1272 931 1402 995 pacis
1438 931 1513 978 vel
1551 940 1724 994 treugae
1761 930 1916 995 potuit

501 1007 706 1055 evenire.
755 1009 882 1066 Quin
917 1008 1076 1073 potius
1114 1007 1304 1072 publice
1336 1007 1604 1071 jactabatur
1639 1003 1776 1072 quod
1813 1023 1915 1055 non

501 1084 590 1132 nisi
633 1085 695 1132 ad
744 1085 1214 1133 circumveniendum
1250 1101 1362 1133 suos
1395 1085 1714 1147 adversarios,
1743 1085 1785 1135 si
1817 1101 1916 1150 quo

501 1164 691 1226 ingenio
722 1165 1010 1229 potuissent,
1034 1174 1082 1211 et
1102 1163 1393 1228 placandum
1422 1174 1683 1228 utcumque
1702 1179 1917 1213 rumores

501 1257 764 1306 pauperum
783 1242 959 1289 civium
973 1279 986 1303 ‚
1011 1258 1218 1305 quorum
1240 1241 1383 1305 longe
1401 1243 1556 1306 major
1574 1259 1683 1308 pars
1707 1241 1915 1297 nonnisi

501 1336 668 1384 pacem
701 1319 955 1385 exoptabat
985 1330 1044 1368 et*
1066 1309 1169 1367 suov
1190 1319 1406 1385 pontifici
1442 1319 1739 1368 reconciliari
1756 1355 1769 1378 ‚
1802 1318 1917 1366 tales

501 1409 763 1447 conventus
793 1416 904 1446 cum
928 1399 1205 1447 adversariis
1229 1398 1330 1446 fieri
1351 1409 1399 1447 et
1424 1398 1592 1447 haberi
1612 1396 1912 1463 expetebant.

502 1479 596 1524 Nec
630 1476 722 1524 levi
755 1491 868 1524 sane
894 1486 942 1522 et
971 1491 1095 1523 vana
1118 1476 1391 1539 conjectura
1424 1492 1481 1523 ea
1517 1474 1786 1522 communis
1813 1490 1917 1522 om·

501 1554 634 1601 nium
657 1553 802 1601 ferme
825 1553 1068 1601 aestimatio
1093 1554 1372 1602 invaluerat.
1397 1557 1515 1602 Nam
1536 1554 1723 1618 queties
1743 1552 1806 1601 ad
1824 1552 1918 1600 -hu-

495 1630 626 1693 jusce
658 1640 921 1678 conventus
943 1646 1054 1678 suos
1088 1631 1266 1693 legatos
1299 1631 1616 1694 Trajectenses
1647 1631 1913 1690 mitterent,

499 1723 685 1772 semper
707 1724 733 1754 e
755 1708 951 1770 vestigio
965 1745 978 1767 ‚
1008 1707 1083 1755 vel
1116 1708 1178 1756 ad
1203 1708 1392 1773 rapinas
1429 1706 1668 1754 faciendas
1701 1715 1749 1753 et
1769 1704 1919 1754 abdu-

504 1784 679 1832 cendas
711 1784 894 1850 praedas
921 1794 1006 1839 aut
1027 1786 1239 1850 captivos
1253 1822 1265 1845 ,
1293 1785 1368 1832 vel
1395 1785 1461 1845 ad,
1479 1782 1722 1833 miscenda
1754 1783 1918 1831 incen-

499 1863 579 1910 dia
605 1864 655 1911 in
678 1864 812 1910 terris
833 1872 880 1909 et
909 1864 1032 1926 agris
1054 1863 1432 1912 adversariorum
1446 1899 1459 1923 ,
1485 1878 1596 1910 suos
1617 1860 1934 1911 eminebant«

500 1941 595 1998 Qui
625 1940 1096 2005 frequenter'damna
1129 1958 1228 1988 non
1259 1941 1450 1988 modica
1483 1938 1762 2004 improvidis
1786 1949 1835 1987 et
1869 1955 1919 1986 se

502 2019 813 2083 negligentius
840 2019 1117 2066 curantibus
1138 2018 1432 2084 ingerebant.
1459 2017 1597 2064 Unde
1619 2033 1719 2064 non
1742 2026 1918 2067 temere

499 2112 581 2143 eos
601 2098 669 2143 uti
687 2095 845 2143 verbis
867 2095 1077 2161 pacificis
1095 2097 1144 2143 in
1169 2096 1285 2143 dolo
1302 2131 1316 2155 ,
1340 2095 1526 2143 nullum
1545 2103 1707 2143 autem
1725 2109 1918 2159 prorsus

498 2174 838 2238 reintegrandae
863 2175 993 2239 pacis
1021 2184 1162 2237 atque
1192 2173 1408 2221 amicitiae
1439 2182 1606 2221 votum
1634 2187 1718 2219 seu
1741 2186 1919 2236 propo-

501 2253 643 2300 situm
660 2287 672 2311 ‚
717 2252 800 2299 sed
850 2252 995 2317 ipsius
1042 2252 1200 2316 potius
1237 2249 1555 2298 distrahendae
1598 2259 1740 2313 atque
1784 2248 1917 2295 elon-

501 2329 689 2395 gandas,
717 2345 876 2395 gerere
899 2328 1205 2394 putabantur.

565 2408 707 2456 Initio
739 2424 838 2472 quo
877 2408 1140 2470 Trajectum
1183 2406 1527 2470 Enghelbertus
1560 2404 1621 2452 de
1652 2404 1818 2460 Clivis‚
1857 2402 1918 2451 de

501 2502 599 2549 quo
624 2501 767 2551 supra
791 2484 1133 2544 meminimus¹,
1155 2484 1378 2531 advectus
1396 2493 1483 2544 est,
1509 2499 1620 2529 cum
1642 2482 1799 2528 omnis
1818 2497 1917 2534 ma-

500 2564 715 2626 gistratus
743 2563 1008 2626 regentium
1035 2562 1269 2609 civitatem
1307 2578 1416 2608 cum
1446 2561 1541 2608 suis
1566 2558 1829 2607 fautoribus
1860 2558 1909 2605 in

553 2726 589 2762 1.
621 2724 840 2773 Ci-dessus,
863 2737 902 2775 p.
926 2726 990 2763 97.
