2060 3392
733 277 880 314 LIBER
905 277 1158 315 SEPTIMUS.
1580 281 1657 319 135

235 374 345 431 post
388 366 638 414 intervallo
678 381 778 413 sese
821 366 872 413 in
909 381 1070 429 regem
1109 366 1331 414 coronari
1375 365 1486 414 fecit
1526 369 1656 433 apud

235 443 548 492 Londonias¹.
574 442 832 491 Ferebatur
846 453 1008 491 autem
1032 443 1129 492 hoc
1149 460 1200 492 se
1220 443 1383 492 colore
1399 444 1656 508 justificare

236 523 415 572 factum
437 539 577 572 suum
590 558 603 582 ,
631 522 789 588 quod,
815 538 901 588 per
937 523 1190 586 antiquum
1237 522 1484 570 decretum
1523 525 1655 588 regni

235 618 319 650 seu
353 618 440 667 per
460 603 770 650 inveteratam
792 601 1189 649 consuetudinem
1204 637 1216 660 ,
1252 601 1398 649 vidua
1414 601 1656 667 ipsiusque

234 677 396 739 liberi,
417 696 522 744 quae
539 694 626 744 per
653 679 862 743 aliquem
883 678 1027 726 ducta
1060 678 1182 726 foret
1205 680 1256 726 in
1284 679 1562 743 conjugem,
1581 681 1656 728 in-

234 756 418 810 habiles
438 767 594 805 essent
610 757 673 806 ad
682 757 1030 805 successionem
1049 758 1212 821 regni,
1232 757 1416 806 etiamsi
1437 758 1488 805 in
1509 775 1657 823 regno

233 843 282 883 et
301 851 331 884 a
350 851 459 899 rege
477 835 623 899 geniti
645 845 824 895 essent;
840 844 993 882 mater
1007 845 1168 882 autem
1178 835 1355 883 horum
1373 835 1653 897 liberorum,

216 904 510 1001 ,priusquam
541 914 604 964 ab
629 914 852 966 Edoardo
878 914 1172 979 acciperetur
1199 915 1250 962 in
1270 932 1497 975 uxorem,
1523 916 1658 964 alteri

232 991 337 1039 viro
357 991 508 1057 priori
535 992 709 1039 marito
738 1000 888 1056 nupta
905 990 1100 1039 fuerat'.
1130 991 1225 1039 Sed
1245 1008 1308 1040 an
1329 992 1448 1040 illud
1470 1003 1553 1041 aut
1577 993 1658 1041 de-

158 1119 165 1121 ,
216 1077 382 1129 creto,
424 1078 507 1116 aut
527 1079 683 1118 vetere
716 1068 1063 1116 consuetudine
1087 1062 1233 1134 regni'
1257 1070 1323 1117 ita
1351 1069 1656 1118 observatum

233 1145 398 1208 fuerit,
441 1162 543 1194 non
585 1145 851 1194 constabat.
890 1146 992 1194 Alio
1036 1156 1196 1194 autem
1214 1147 1229 1170 ⁸
1269 1163 1327 1194 ex
1367 1148 1520 1213 capite
1561 1147 1658 1195 hoc

215 1211 390 1289 ⁴ipsum
421 1223 678 1288 justificare
708 1223 974 1288 satagebat,
1004 1223 1138 1289 quod
1158 1224 1335 1272 scilicet
1366 1235 1518 1273 mater
1537 1224 1656 1273 libe·

233 1317 398 1348 rorum
408 1301 671 1366 eademque
694 1303 879 1366 regina,
894 1303 1171 1367 priusquam
1187 1302 1412 1350 Edoardo
1429 1302 1653 1363 nuberet,

233 1379 366 1426 alteri
390 1380 512 1438 viro,
539 1380 623 1444 qui
652 1390 764 1428 tunc
802 1381 947 1428 etiam
970 1390 1204 1445 superstes
1228 1379 1380 1440 'foret‘
1415 1396 1527 1427 cum
1548 1397 1656 1428 eam

234 1457 482 1507 Edoardus
525 1459 574 1505 in
612 1458 868 1522 conjugem
907 1459 1180 1523 assumpsit,
1209 1458 1547 1506 matrimoniali
1576 1458 1657 1506 soe-

233 1533 345 1581 dere
374 1544 494 1583 esset
522 1534 761 1599 copulata.
788 1538 860 1582 De
884 1551 983 1599 quo
1006 1544 1166 1582 tamen
1181 1569 1194 1594 ,
1219 1550 1309 1582 nec
1333 1534 1528 1599 quando
1548 1551 1655 1582 eam

232 1610 283 1658 in
299 1627 500 1659 uxorem
526 1622 774 1677 acceperat
794 1611 1058 1672 Edoardus,
1084 1627 1174 1659 nec
1195 1628 1307 1659 cum
1351 1612 1402 1659 in
1442 1612 1655 1676 reginam

232 1687 429 1738 inuncta
445 1677 679 1750 fuit,'nec
700 1690 932 1756 quamdiu
957 1689 1086 1738 idem
1126 1706 1209 1736 rex
1243 1689 1386 1750 vixit,
1412 1689 1539 1738 fama
1572 1706 1653 1738 seu

290 1892 326 1929 1.
361 1893 384 1929 6
399 1888 526 1939 juillet
545 1893 664 1931 1483.

288 1957 327 1994 2.
358 1949 551 1994 Elisabeth
587 1956 636 1995 de
662 1957 841 2008 Wydvile
854 1986 866 2004 ,
891 1965 1009 1997 avant
1031 1971 1102 1997 son
1124 1957 1246 1996 union
1264 1969 1361 1996 avec
1378 1949 1560 1996 Edouard
1579 1960 1631 1996 IV
1645 1987 1655 2005 ,

232 2017 336 2056 avait
359 2018 420 2056 ete
450 2019 734 2059 effectivement
759 2020 900 2059 femme
930 2020 979 2059 de
1001 2021 1089 2060 lord
1107 2022 1233 2072 Gray;
1262 2021 1358 2060 mais
1389 2021 1427 2059 la
1450 2020 1579 2060 raison
1600 2021 1656 2059 al-

232 2079 368 2133 leguee
385 2080 434 2120 ici
453 2094 524 2133 par
542 2081 708 2122 Thomas
732 2083 845 2122 Basin
863 2083 962 2124 n’est
978 2097 1049 2136 pas
1058 2084 1155 2123 celle
1172 2084 1291 2136 qu'on
1306 2084 1351 2122 lit
1368 2083 1464 2122 dans
1478 2083 1659 2123 l'adresse

233 2156 309 2201 que
330 2143 498 2183 Richard
522 2158 564 2184 se
582 2146 625 2184 fit
644 2146 841 2198 presenter
859 2159 930 2199 par
947 2146 1211 2200 Buckingham
1235 2160 1285 2186 au
1309 2147 1471 2186 chateau
1493 2146 1541 2186 de
1559 2148 1658 2198 Bay-

233 2206 330 2245 nard
359 2215 397 2245 et
424 2207 491 2259 qui
515 2208 574 2246 sut
599 2209 748 2248 inseree
778 2209 913 2261 depuis
941 2209 1037 2248 dans
1066 2223 1120 2248 un
1147 2219 1232 2249 acte
1259 2209 1312 2248 du
1341 2209 1571 2262 parlement.
1598 2211 1658 2248 On

234 2276 406 2309 comesta
429 2270 468 2308 la
499 2270 655 2309 validite
679 2270 731 2309 du
759 2271 928 2324 mariage
945 2265 1166 2312 d'Edouard
1183 2274 1236 2312 IV
1258 2284 1410 2312 comme
1433 2272 1572 2310 s’etant
1591 2271 1659 2310 fait

235 2333 487 2372 secretement
498 2362 510 2381 ,
530 2346 619 2373 sans
643 2333 882 2386 publication·
893 2335 943 2374 de
955 2335 1053 2375 bans
1068 2344 1107 2374 et
1124 2349 1174 2375 en
1191 2336 1270 2375 lieu
1287 2335 1463 2389 profane.
1485 2336 1547 2374 On
1564 2335 1657 2373 alle-

235 2406 311 2445 gua
338 2395 441 2434 aussi
464 2409 542 2436 une
566 2397 687 2436 union
713 2398 931 2437 anterieure
956 2411 1033 2450 que
1060 2399 1098 2438 le
1124 2399 1189 2437 feu
1212 2398 1272 2438 roi
1295 2398 1419 2437 aurait
1439 2398 1659 2437 contractee

236 2467 331 2493 avec
348 2469 425 2495 une
445 2466 555 2499 autre
573 2460 729 2499 femme.
750 2462 832 2499 Rot.
855 2463 1046 2507 Parlam„
1073 2464 1139 2511 VI,
1161 2463 1255 2502 240.

221 2551 226 2554 .
292 2522 330 2560 3.
360 2522 489 2562 Plutot
508 2526 638 2564 etiam.

291 2586 331 2625 ln.
362 2588 481 2626 Autre
501 2601 633 2628 erreur
653 2590 702 2629 de
728 2590 893 2630 Thomas
920 2591 1033 2630 Basin
1062 2605 1113 2631 ou
1135 2592 1184 2631 de
1210 2591 1397 2644 l'opinion
1422 2591 1490 2642 qui
1514 2589 1661 2628 courait

238 2647 339 2685 alors
370 2661 418 2687 en
446 2650 648 2690 Hollande.
679 2652 780 2692 John
796 2682 806 2700 ‚
839 2653 924 2691 iord
950 2654 1070 2704 Gray,
1104 2654 1271 2706 premier
1304 2653 1401 2692 mari
1427 2646 1660 2690 &Elisabeth

239 2710 432 2762 Wydvile,
454 2712 544 2750 etait
561 2722 662 2770 mort
680 2727 728 2752 en
751 2713 872 2763 1461,
893 2718 915 2753 a
934 2717 971 2754 la
983 2715 1137 2755 bataille
1155 2717 1204 2755 de
1222 2715 1473 2756 Saint-Alban
1489 2730 1500 2763 ;
1522 2714 1595 2754 elle
1612 2726 1661 2751 ne

240 2786 281 2811 se
301 2773 466 2813 remaria
484 2787 577 2813 avec
592 2775 629 2814 le
647 2776 706 2814 roi
722 2770 902 2816 Edouard
921 2778 1038 2829 qu'en
1060 2781 1180 2818 ¹465.
