2060 3392
629 333 774 370 LIBER
802 333 1071 371 SECUNDUS.
1486 334 1557 370 :371

146 422 502 483 mumoniae,
549 421 599 469 in
638 421 813 487 quibus
853 422 917 470 de
957 421 1234 471 differentiis
1276 422 1566 486 jurisdictio-

146 512 265 546 num
305 498 730 546 ecclesiasticarum
769 509 819 548 et
860 499 1156 549 saeeularium
1173 536 1187 561 ,
1226 499 1302 548 vel
1339 500 1566 547 immuni-

145 572 322 622 tatibus
361 590 678 640 personarum
718 585 768 622 et
807 591 968 623 rerum
1010 577 1439 626 ecclesiasticarum
1481 593 1564 624 seu

145 650 475 716 religiosorum
522 652 743 700 locorum
793 655 1101 702 contenditur
1115 691 1128 715 ,
1177 655 1240 703 ad
1293 670 1413 720 quas
1466 670 1566 702 non

145 727 297 777 modo
333 727 652 779 decurtandas
691 740 740 777 et
771 731 1098 795 praecidendas
1111 769 1123 793 ,
1168 732 1253 781 sed
1291 732 1422 780 velut
1461 748 1568 779 era-

145 803 375 854 dicandas
408 815 458 854 et
494 807 860 871 exstinguendas
901 819 1002 857 tota
1043 810 1277 858 saecularis
1317 809 1569 858 advocatio

146 893 412 948 ctmctaque
462 886 704 933 curiarum
742 887 1078 952 temporalium
1124 886 1283 935 officia
1327 887 1378 934 in
1422 904 1570 951 regno

146 962 439 1009 Francorum
454 997 468 1021 ,
501 972 548 1010 et
571 963 815 1029 potissime
850 965 901 1011 in
935 974 1099 1013 nostra
1121 965 1439 1026 Normannia,
1461 981 1573 1013 con-

145 1030 347 1106 spirasse
366 1040 607 1088 videntur.
630 1044 809 1090 Verum
829 1059 942 1091 cum
958 1043 1021 1092 ad
1040 1043 1366 1092 venerabilem
1390 1043 1572 1091 curiam

145 1117 425 1182 parlamenti
456 1135 544 1184 per
573 1119 945 1186 appellationem
967 1138 1051 1169 seu
1080 1138 1167 1187 per
1191 1122 1322 1169 viam
1343 1131 1572 1185 requestae

146 1203 230 1242 aut
267 1195 383 1244 alias
425 1197 542 1245 tales
581 1198 784 1261 querelae
828 1197 1125 1261 deferuntur,
1177 1199 1288 1246 licet
1329 1214 1483 1246 causae
1522 1199 1573 1245 in

147 1271 250 1337 ipsa
283 1273 417 1322 curia
452 1290 554 1321 non
597 1274 765 1322 leviter
798 1292 887 1322 nec
932 1275 1068 1323 facile
1100 1276 1446 1336 terminentur,
1490 1274 1574 1322 sed

147 1350 316 1415 saepius
338 1360 449 1416 post
481 1352 650 1416 longas
688 1352 885 1401 demum
912 1354 1142 1419 temporis
1179 1369 1340 1402 moras
1368 1352 1576 1401 labores·

146 1441 242 1490 que
279 1426 516 1492 plurimos
555 1438 603 1476 et
649 1445 879 1495 expensas
898 1466 911 1490 ‚
954 1430 1196 1478 interdum
1244 1440 1406 1479 tamen
1461 1430 1575 1477 satis

145 1503 301 1552 vicine
342 1514 392 1552 et
437 1505 730 1554 confinniter
770 1507 833 1555 ad
866 1508 1048 1572 jurium
1084 1507 1447 1573 dispositionem
1483 1506 1574 1554 de-

147 1580 374 1630 ciduntur
392 1592 440 1630 et
462 1582 781 1647 diffiniuntur,
810 1584 1123 1650 feranturque
1155 1585 1398 1634 sententiae
1430 1586 1574 1632 etiam

146 1657 407 1723 aliquando
450 1670 620 1709 contra
655 1662 812 1726 regios
854 1674 1191 1728 procuratores
1232 1663 1575 1728 curiarumque

147 1733 390 1799 officiales,
415 1747 486 1797 et,
513 1739 553 1785 si
580 1739 699 1803 quid
721 1740 957 1787 violentiae
994 1751 1076 1789 aut
1113 1740 1294 1806 injuriae
1328 1741 1574 1788 manifeste

145 1813 354 1862 ecclesiae
371 1814 643 1879 irrogarint,
668 1816 911 1864 interdum
930 1819 1102 1882 corrigi
1126 1827 1174 1865 et
1198 1818 1358 1883 puniri
1388 1818 1572 1878 solent,

146 1890 215 1938 sic
249 1891 383 1955 quod
422 1903 611 1958 semper
648 1894 884 1942 nonnulla
923 1911 1030 1960 spes
1069 1904 1232 1942 manet
1270 1895 1575 1943 ecclesiarum

147 1968 354 2033 praelatis
375 1978 424 2017 et
457 1969 750 2033 rectoribus,
786 1970 962 2036 quibus
999 1971 1061 2019 ad
1093 1971 1371 2036 hujusmodi
1409 1989 1574 2037 supre-

147 2063 283 2096 mum
324 2046 534 2096 tribunal
582 2050 725 2097 curiae
769 2050 1054 2115 parlamenti
1101 2066 1346 2098 recursum
1396 2049 1574 2098 habere

146 2126 454 2190 permittitur,
506 2143 646 2174 suum
687 2127 765 2190 jus
817 2136 1078 2191 utcumque
1132 2127 1362 2191 consequi
1420 2127 1569 2177 illata-

147 2217 353 2268 rumque
384 2204 665 2269 injuriamm
698 2221 782 2252 seu
803 2205 1141 2253 violentiarum
1173 2205 1465 2270 condignam
1499 2223 1575 2254 re-

147 2283 447 2346 parationem
482 2281 734 2329 obtinendi
765 2300 775 2328 :
816 2282 1227 2347 quemadmodum
1263 2300 1385 2349 saepe
1414 2293 1574 2332 actum

148 2356 290 2406 fuisse
327 2360 495 2425 priscis
531 2359 829 2426 temporibus
871 2370 1015 2426 atque
1056 2360 1298 2408 interdum
1340 2354 1574 2409 rece‘ntios

149 2433 307 2497 ribus,
347 2437 535 2502 parcius
565 2447 614 2485 et
652 2438 804 2485 rarius
839 2438 972 2500 licet,
1012 2448 1313 2504 compertum
1339 2448 1425 2486 est.
1457 2441 1574 2497 Quae

148 2528 224 2559 nes
244 2514 622 2562 consolationem
655 2515 826 2579 ingerit
853 2532 1078 2579 magnam
1106 2515 1220 2581 ipsis
1248 2516 1450 2582 praelatis
1465 2553 1477 2576 ,
1504 2516 1575 2562 in-

144 2590 322 2654 juriam
343 2607 427 2638 seu
457 2591 745 2642 calumniam
768 2593 935 2660 passis,
961 2594 1037 2641 vel
1062 2594 1297 2659 oppressis
1328 2593 1574 2658 iniquitate

150 2677 198 2716 et
240 2668 356 2716 dolo
389 2669 671 2718 inferiorum
689 2671 908 2735 judicum
938 2687 1024 2718 seu
1045 2670 1331 2719 officiorum.
1358 2670 1494 2735 Atqui
1524 2671 1572 2716 in

149 2746 399 2811 provincia
425 2748 731 2796 Normanniae
747 2785 760 2810 ,
792 2747 874 2796 uhi
897 2749 1210 2813 provinciales
1235 2748 1347 2796 solis
1379 2746 1574 2812 quibus-

151 2820 268 2871 dam
291 2824 719 2873 consuetudinibus
757 2826 1044 2887 innituntur,
1068 2836 1115 2873 et
1139 2825 1323 2889 judices
1352 2835 1399 2872 et
1427 2824 1573 2872 advo-
