<?xml version="1.0" encoding="UTF-8"?>
<!DOCTYPE html PUBLIC "-//W3C//DTD XHTML 1.0 Transitional//EN"
    "http://www.w3.org/TR/xhtml1/DTD/xhtml1-transitional.dtd">
<html xmlns="http://www.w3.org/1999/xhtml" xml:lang="en" lang="en">
 <head>
  <title>
</title>
<meta http-equiv="Content-Type" content="text/html;charset=utf-8" />
  <meta name='ocr-system' content='tesseract 3.04.00' />
  <meta name='ocr-capabilities' content='ocr_page ocr_carea ocr_par ocr_line ocrx_word'/>
</head>
<body>
  <div class='ocr_page' id='page_1' title='image "./histoiredesrgn03basiuoft_0399.png"; bbox 0 0 2060 3392; ppageno 0'>
   <div class='ocr_carea' id='block_1_1' title="bbox 209 278 1647 1449">
    <p class='ocr_par' dir='ltr' id='par_1_1' title="bbox 209 278 1647 1449">
     <span class='ocr_line' id='line_1_1' title="bbox 741 278 1623 322; baseline -0.008 -1"><span class='ocrx_word' id='word_1_1' title='bbox 741 284 889 322; x_wconf 75' lang='lat' dir='ltr'><strong>mmm</strong></span> <span class='ocrx_word' id='word_1_2' title='bbox 914 282 1115 320; x_wconf 78' lang='lat' dir='ltr'>PRIMUS.</span> <span class='ocrx_word' id='word_1_3' title='bbox 1546 278 1623 315; x_wconf 66' lang='lat'><strong>349</strong></span> 
     </span>
     <span class='ocr_line' id='line_1_2' title="bbox 212 365 1628 438; baseline -0.01 -13"><span class='ocrx_word' id='word_1_4' title='bbox 212 377 351 425; x_wconf 89' lang='lat' dir='ltr'><strong>tium.</strong></span> <span class='ocrx_word' id='word_1_5' title='bbox 393 377 515 423; x_wconf 92' lang='lat' dir='ltr'><strong>Cum</strong></span> <span class='ocrx_word' id='word_1_6' title='bbox 558 373 701 438; x_wconf 85' lang='lat' dir='ltr'><strong>igitur</strong></span> <span class='ocrx_word' id='word_1_7' title='bbox 735 371 877 419; x_wconf 88' lang='lat' dir='ltr'>simili</span> <span class='ocrx_word' id='word_1_8' title='bbox 901 370 1056 417; x_wconf 85' lang='lat' dir='ltr'><strong>forma</strong></span> <span class='ocrx_word' id='word_1_9' title='bbox 1086 367 1294 432; x_wconf 86' lang='lat' dir='ltr'><strong>singulas</strong></span> <span class='ocrx_word' id='word_1_10' title='bbox 1315 365 1628 432; x_wconf 86' lang='lat' dir='ltr'><strong>pecuniarum</strong></span> 
     </span>
     <span class='ocr_line' id='line_1_3' title="bbox 210 447 1628 514; baseline -0.008 -13"><span class='ocrx_word' id='word_1_11' title='bbox 210 467 423 501; x_wconf 90' lang='lat' dir='ltr'><strong>summas</strong></span> <span class='ocrx_word' id='word_1_12' title='bbox 459 467 489 498; x_wconf 90' lang='lat' dir='ltr'><strong>a</strong></span> <span class='ocrx_word' id='word_1_13' title='bbox 518 466 569 498; x_wconf 88' lang='lat' dir='ltr'><strong>se</strong></span> <span class='ocrx_word' id='word_1_14' title='bbox 602 458 814 514; x_wconf 87' lang='lat' dir='ltr'><strong>receptas</strong></span> <span class='ocrx_word' id='word_1_15' title='bbox 845 447 908 495; x_wconf 91' lang='lat' dir='ltr'><strong>ad</strong></span> <span class='ocrx_word' id='word_1_16' title='bbox 941 462 1125 509; x_wconf 88' lang='lat' dir='ltr'><strong>nosque</strong></span> <span class='ocrx_word' id='word_1_17' title='bbox 1158 461 1246 510; x_wconf 88' lang='lat' dir='ltr'><strong>per</strong></span> <span class='ocrx_word' id='word_1_18' title='bbox 1283 458 1438 491; x_wconf 92' lang='lat' dir='ltr'><strong>annos</strong></span> <span class='ocrx_word' id='word_1_19' title='bbox 1476 457 1628 506; x_wconf 86' lang='lat' dir='ltr'>prope</span> 
     </span>
     <span class='ocr_line' id='line_1_4' title="bbox 211 522 1629 586; baseline -0.008 -9"><span class='ocrx_word' id='word_1_20' title='bbox 211 539 324 578; x_wconf 91' lang='lat' dir='ltr'><strong>octo</strong></span> <span class='ocrx_word' id='word_1_21' title='bbox 342 527 638 576; x_wconf 85' lang='lat' dir='ltr'><strong>transmissas</strong></span> <span class='ocrx_word' id='word_1_22' title='bbox 658 525 993 586; x_wconf 84' lang='lat' dir='ltr'><strong>declarassent,</strong></span> <span class='ocrx_word' id='word_1_23' title='bbox 1015 523 1169 571; x_wconf 89' lang='lat' dir='ltr'><strong>coacti</strong></span> <span class='ocrx_word' id='word_1_24' title='bbox 1187 522 1464 570; x_wconf 84' lang='lat' dir='ltr'><strong>exstiterunt</strong></span> <span class='ocrx_word' id='word_1_25' title='bbox 1478 535 1629 584; x_wconf 89' lang='lat' dir='ltr'>prope</span> 
     </span>
     <span class='ocr_line' id='line_1_5' title="bbox 211 598 1628 671; baseline -0.008 -16"><span class='ocrx_word' id='word_1_26' title='bbox 211 617 418 671; x_wconf 85' lang='lat' dir='ltr'><strong>quatuor</strong></span> <span class='ocrx_word' id='word_1_27' title='bbox 438 605 588 653; x_wconf 90' lang='lat' dir='ltr'><strong>millia</strong></span> <span class='ocrx_word' id='word_1_28' title='bbox 619 604 940 663; x_wconf 88' lang='lat' dir='ltr'>florenorum,</span> <span class='ocrx_word' id='word_1_29' title='bbox 979 602 1062 665; x_wconf 91' lang='lat' dir='ltr'><strong>qui</strong></span> <span class='ocrx_word' id='word_1_30' title='bbox 1092 611 1195 648; x_wconf 92' lang='lat' dir='ltr'><strong>tum</strong></span> <span class='ocrx_word' id='word_1_31' title='bbox 1226 601 1277 648; x_wconf 92' lang='lat' dir='ltr'><strong>in</strong></span> <span class='ocrx_word' id='word_1_32' title='bbox 1302 599 1427 660; x_wconf 92' lang='lat' dir='ltr'><strong>suis,</strong></span> <span class='ocrx_word' id='word_1_33' title='bbox 1454 607 1556 644; x_wconf 89' lang='lat' dir='ltr'><strong>tum</strong></span> <span class='ocrx_word' id='word_1_34' title='bbox 1578 598 1628 644; x_wconf 92' lang='lat' dir='ltr'><strong>in</strong></span> 
     </span>
     <span class='ocr_line' id='line_1_6' title="bbox 212 674 1630 732; baseline -0.007 -1"><span class='ocrx_word' id='word_1_35' title='bbox 212 682 488 732; x_wconf 88' lang='lat' dir='ltr'><strong>officialium</strong></span> <span class='ocrx_word' id='word_1_36' title='bbox 526 691 800 730; x_wconf 88' lang='lat' dir='ltr'><strong>nostrorum</strong></span> <span class='ocrx_word' id='word_1_37' title='bbox 840 680 1000 728; x_wconf 92' lang='lat' dir='ltr'><strong>adhuc</strong></span> <span class='ocrx_word' id='word_1_38' title='bbox 1033 678 1281 726; x_wconf 87' lang='lat' dir='ltr'><strong>exstabant</strong></span> <span class='ocrx_word' id='word_1_39' title='bbox 1317 675 1540 724; x_wconf 89' lang='lat' dir='ltr'><strong>manibus</strong></span> <span class='ocrx_word' id='word_1_40' title='bbox 1569 674 1630 722; x_wconf 93' lang='lat' dir='ltr'><strong>de</strong></span> 
     </span>
     <span class='ocr_line' id='line_1_7' title="bbox 210 758 1631 827; baseline -0.007 -17"><span class='ocrx_word' id='word_1_41' title='bbox 210 759 524 827; x_wconf 83' lang='lat' dir='ltr'><strong>proventibus</strong></span> <span class='ocrx_word' id='word_1_42' title='bbox 548 759 863 825; x_wconf 83' lang='lat' dir='ltr'><strong>spiritualium</strong></span> <span class='ocrx_word' id='word_1_43' title='bbox 877 796 890 820; x_wconf 93' lang='lat'><strong>,</strong></span> <span class='ocrx_word' id='word_1_44' title='bbox 916 758 966 804; x_wconf 90' lang='lat' dir='ltr'><strong>in</strong></span> <span class='ocrx_word' id='word_1_45' title='bbox 992 773 1163 804; x_wconf 90' lang='lat' dir='ltr'><strong>manus</strong></span> <span class='ocrx_word' id='word_1_46' title='bbox 1187 765 1476 821; x_wconf 77' lang='lat' dir='ltr'><strong>quaestorum</strong></span> <span class='ocrx_word' id='word_1_47' title='bbox 1498 769 1631 817; x_wconf 88' lang='lat' dir='ltr'><strong>rega·</strong></span> 
     </span>
     <span class='ocr_line' id='line_1_8' title="bbox 209 831 1633 902; baseline -0.006 -15"><span class='ocrx_word' id='word_1_48' title='bbox 209 837 329 886; x_wconf 90' lang='lat' dir='ltr'><strong>lium</strong></span> <span class='ocrx_word' id='word_1_49' title='bbox 349 838 631 902; x_wconf 86' lang='lat' dir='ltr'><strong>consignare</strong></span> <span class='ocrx_word' id='word_1_50' title='bbox 656 846 702 884; x_wconf 92' lang='lat' dir='ltr'><strong>et</strong></span> <span class='ocrx_word' id='word_1_51' title='bbox 721 836 947 884; x_wconf 49' lang='lat' dir='ltr'><strong>tradere&amp;</strong></span> <span class='ocrx_word' id='word_1_52' title='bbox 976 838 1035 898; x_wconf 79' lang='lat' dir='ltr'><strong>Et</strong></span> <span class='ocrx_word' id='word_1_53' title='bbox 1056 851 1168 882; x_wconf 92' lang='lat' dir='ltr'><strong>cum</strong></span> <span class='ocrx_word' id='word_1_54' title='bbox 1189 834 1304 882; x_wconf 91' lang='lat' dir='ltr'><strong>alias</strong></span> <span class='ocrx_word' id='word_1_55' title='bbox 1326 831 1633 896; x_wconf 87' lang='lat' dir='ltr'><strong>quamplures</strong></span> 
     </span>
     <span class='ocr_line' id='line_1_9' title="bbox 210 910 1634 982; baseline -0.006 -18"><span class='ocrx_word' id='word_1_56' title='bbox 210 917 523 982; x_wconf 88' lang='lat' dir='ltr'><strong>pecuniarum</strong></span> <span class='ocrx_word' id='word_1_57' title='bbox 554 931 763 962; x_wconf 87' lang='lat' dir='ltr'><strong>summas</strong></span> <span class='ocrx_word' id='word_1_58' title='bbox 794 914 936 962; x_wconf 85' lang='lat' dir='ltr'><strong>variis</strong></span> <span class='ocrx_word' id='word_1_59' title='bbox 968 911 1154 960; x_wconf 82' lang='lat' dir='ltr'><strong>vicibus</strong></span> <span class='ocrx_word' id='word_1_60' title='bbox 1190 911 1252 959; x_wconf 88' lang='lat' dir='ltr'><strong>ad</strong></span> <span class='ocrx_word' id='word_1_61' title='bbox 1282 927 1372 959; x_wconf 91' lang='lat' dir='ltr'><strong>nos</strong></span> <span class='ocrx_word' id='word_1_62' title='bbox 1398 910 1634 957; x_wconf 89' lang='lat' dir='ltr'><strong>misissent</strong></span> 
     </span>
     <span class='ocr_line' id='line_1_10' title="bbox 212 986 1634 1060; baseline -0.006 -18"><span class='ocrx_word' id='word_1_63' title='bbox 212 1009 299 1060; x_wconf 85' lang='lat' dir='ltr'><strong>per</strong></span> <span class='ocrx_word' id='word_1_64' title='bbox 320 994 480 1059; x_wconf 88' lang='lat' dir='ltr'><strong>plures</strong></span> <span class='ocrx_word' id='word_1_65' title='bbox 505 993 683 1041; x_wconf 87' lang='lat' dir='ltr'><strong>scilicet</strong></span> <span class='ocrx_word' id='word_1_66' title='bbox 704 993 932 1039; x_wconf 89' lang='lat' dir='ltr'><strong>honestos</strong></span> <span class='ocrx_word' id='word_1_67' title='bbox 967 999 1255 1038; x_wconf 88' lang='lat' dir='ltr'><strong>mercatores</strong></span> <span class='ocrx_word' id='word_1_68' title='bbox 1271 1024 1283 1048; x_wconf 91' lang='lat'><strong>,</strong></span> <span class='ocrx_word' id='word_1_69' title='bbox 1311 987 1453 1035; x_wconf 86' lang='lat' dir='ltr'><strong>variis</strong></span> <span class='ocrx_word' id='word_1_70' title='bbox 1484 996 1532 1034; x_wconf 88' lang='lat' dir='ltr'><strong>et</strong></span> <span class='ocrx_word' id='word_1_71' title='bbox 1558 986 1634 1033; x_wconf 92' lang='lat' dir='ltr'><strong>di-</strong></span> 
     </span>
     <span class='ocr_line' id='line_1_11' title="bbox 210 1066 1634 1136; baseline -0.006 -16"><span class='ocrx_word' id='word_1_72' title='bbox 210 1071 358 1120; x_wconf 83' lang='lat' dir='ltr'><strong>versis</strong></span> <span class='ocrx_word' id='word_1_73' title='bbox 376 1071 563 1120; x_wconf 80' lang='lat' dir='ltr'><strong>vicibus</strong></span> <span class='ocrx_word' id='word_1_74' title='bbox 596 1080 738 1136; x_wconf 88' lang='lat' dir='ltr'><strong>atque</strong></span> <span class='ocrx_word' id='word_1_75' title='bbox 768 1070 886 1117; x_wconf 91' lang='lat' dir='ltr'><strong>locis</strong></span> <span class='ocrx_word' id='word_1_76' title='bbox 903 1107 916 1131; x_wconf 89' lang='lat'><strong>,</strong></span> <span class='ocrx_word' id='word_1_77' title='bbox 947 1085 977 1116; x_wconf 93' lang='lat' dir='ltr'><strong>a</strong></span> <span class='ocrx_word' id='word_1_78' title='bbox 993 1068 1154 1133; x_wconf 89' lang='lat' dir='ltr'><strong>judice</strong></span> <span class='ocrx_word' id='word_1_79' title='bbox 1185 1066 1430 1114; x_wconf 90' lang='lat' dir='ltr'><strong>decretum</strong></span> <span class='ocrx_word' id='word_1_80' title='bbox 1452 1073 1523 1111; x_wconf 88' lang='lat' dir='ltr'><strong>est</strong></span> <span class='ocrx_word' id='word_1_81' title='bbox 1551 1081 1634 1111; x_wconf 91' lang='lat' dir='ltr'><strong>eos</strong></span> 
     </span>
     <span class='ocr_line' id='line_1_12' title="bbox 211 1139 1635 1215; baseline -0.007 -17"><span class='ocrx_word' id='word_1_82' title='bbox 211 1158 261 1197; x_wconf 86' lang='lat' dir='ltr'><strong>et</strong></span> <span class='ocrx_word' id='word_1_83' title='bbox 284 1166 490 1215; x_wconf 86' lang='lat' dir='ltr'><strong>corpora</strong></span> <span class='ocrx_word' id='word_1_84' title='bbox 516 1159 565 1196; x_wconf 86' lang='lat' dir='ltr'><strong>et</strong></span> <span class='ocrx_word' id='word_1_85' title='bbox 589 1148 722 1196; x_wconf 91' lang='lat' dir='ltr'><strong>bona</strong></span> <span class='ocrx_word' id='word_1_86' title='bbox 744 1139 830 1196; x_wconf 84' lang='lat' dir='ltr'><strong>sua</strong></span> <span class='ocrx_word' id='word_1_87' title='bbox 852 1147 1017 1195; x_wconf 89' lang='lat' dir='ltr'><strong>omnia</strong></span> <span class='ocrx_word' id='word_1_88' title='bbox 1046 1144 1351 1205; x_wconf 85' lang='lat' dir='ltr'><strong>confiscasse,</strong></span> <span class='ocrx_word' id='word_1_89' title='bbox 1375 1153 1476 1190; x_wconf 89' lang='lat' dir='ltr'><strong>tam</strong></span> <span class='ocrx_word' id='word_1_90' title='bbox 1506 1142 1635 1206; x_wconf 93' lang='lat' dir='ltr'><strong>ipsos</strong></span> 
     </span>
     <span class='ocr_line' id='line_1_13' title="bbox 213 1224 1636 1293; baseline -0.007 -15"><span class='ocrx_word' id='word_1_91' title='bbox 213 1244 360 1293; x_wconf 86' lang='lat' dir='ltr'><strong>quam</strong></span> <span class='ocrx_word' id='word_1_92' title='bbox 374 1237 422 1276; x_wconf 90' lang='lat' dir='ltr'><strong>et</strong></span> <span class='ocrx_word' id='word_1_93' title='bbox 434 1244 604 1277; x_wconf 90' lang='lat' dir='ltr'><strong>omnes</strong></span> <span class='ocrx_word' id='word_1_94' title='bbox 619 1237 667 1275; x_wconf 89' lang='lat' dir='ltr'><strong>et</strong></span> <span class='ocrx_word' id='word_1_95' title='bbox 687 1227 898 1290; x_wconf 88' lang='lat' dir='ltr'><strong>singulos</strong></span> <span class='ocrx_word' id='word_1_96' title='bbox 912 1235 1198 1273; x_wconf 90' lang='lat' dir='ltr'><strong>mercatores</strong></span> <span class='ocrx_word' id='word_1_97' title='bbox 1210 1224 1293 1289; x_wconf 90' lang='lat' dir='ltr'><strong>qui</strong></span> <span class='ocrx_word' id='word_1_98' title='bbox 1307 1240 1390 1271; x_wconf 90' lang='lat' dir='ltr'><strong>eos</strong></span> <span class='ocrx_word' id='word_1_99' title='bbox 1410 1237 1636 1269; x_wconf 91' lang='lat' dir='ltr'><strong>nummos</strong></span> 
     </span>
     <span class='ocr_line' id='line_1_14' title="bbox 214 1299 1647 1370; baseline -0.006 -16"><span class='ocrx_word' id='word_1_100' title='bbox 214 1305 476 1370; x_wconf 90' lang='lat' dir='ltr'><strong>aliquando</strong></span> <span class='ocrx_word' id='word_1_101' title='bbox 503 1305 567 1353; x_wconf 93' lang='lat' dir='ltr'><strong>ad</strong></span> <span class='ocrx_word' id='word_1_102' title='bbox 594 1321 687 1353; x_wconf 91' lang='lat' dir='ltr'><strong>nos</strong></span> <span class='ocrx_word' id='word_1_103' title='bbox 715 1303 1014 1363; x_wconf 88' lang='lat' dir='ltr'><strong>detulissent,</strong></span> <span class='ocrx_word' id='word_1_104' title='bbox 1053 1303 1143 1350; x_wconf 90' lang='lat' dir='ltr'><strong>nisi</strong></span> <span class='ocrx_word' id='word_1_105' title='bbox 1177 1319 1319 1368; x_wconf 90' lang='lat' dir='ltr'><strong>super</strong></span> <span class='ocrx_word' id='word_1_106' title='bbox 1349 1301 1446 1349; x_wconf 93' lang='lat' dir='ltr'><strong>hoc</strong></span> <span class='ocrx_word' id='word_1_107' title='bbox 1479 1299 1647 1358; x_wconf 47' lang='lat' dir='ltr'><strong>induls</strong></span> 
     </span>
     <span class='ocr_line' id='line_1_15' title="bbox 213 1381 1165 1449; baseline -0.004 -16"><span class='ocrx_word' id='word_1_108' title='bbox 213 1384 423 1449; x_wconf 87' lang='lat' dir='ltr'><strong>gentiam</strong></span> <span class='ocrx_word' id='word_1_109' title='bbox 443 1393 492 1431; x_wconf 89' lang='lat' dir='ltr'><strong>et</strong></span> <span class='ocrx_word' id='word_1_110' title='bbox 515 1383 715 1447; x_wconf 87' lang='lat' dir='ltr'><strong>gratiam</strong></span> <span class='ocrx_word' id='word_1_111' title='bbox 736 1383 858 1446; x_wconf 90' lang='lat' dir='ltr'><strong>regis</strong></span> <span class='ocrx_word' id='word_1_112' title='bbox 879 1381 1165 1430; x_wconf 87' lang='lat' dir='ltr'><strong>obtinerent.</strong></span> 
     </span>
    </p>
   </div>
   <div class='ocr_carea' id='block_1_2' title="bbox 660 1576 1184 1623">
    <p class='ocr_par' dir='ltr' id='par_1_2' title="bbox 660 1576 1184 1623">
     <span class='ocr_line' id='line_1_16' title="bbox 660 1576 1184 1623; baseline -0.002 0"><span class='ocrx_word' id='word_1_113' title='bbox 660 1576 1003 1623; x_wconf 82' lang='lat' dir='ltr'><strong>CAPITULUM</strong></span> <span class='ocrx_word' id='word_1_114' title='bbox 1041 1577 1184 1622; x_wconf 87' lang='lat' dir='ltr'>XXX.</span> 
     </span>
    </p>
   </div>
   <div class='ocr_carea' id='block_1_3' title="bbox 261 1696 1588 1802">
    <p class='ocr_par' dir='ltr' id='par_1_3' title="bbox 261 1696 1588 1802">
     <span class='ocr_line' id='line_1_17' title="bbox 261 1696 1588 1747; baseline -0.003 -12"><span class='ocrx_word' id='word_1_115' title='bbox 261 1698 400 1744; x_wconf 77' lang='lat' dir='ltr'><strong>Quibus</strong></span> <span class='ocrx_word' id='word_1_116' title='bbox 415 1699 527 1735; x_wconf 67' lang='lat' dir='ltr'><strong>musis</strong></span> <span class='ocrx_word' id='word_1_117' title='bbox 543 1699 708 1747; x_wconf 70' lang='lat' dir='ltr'><strong>impulsi,</strong></span> <span class='ocrx_word' id='word_1_118' title='bbox 728 1697 879 1734; x_wconf 85' lang='lat' dir='ltr'><strong>cedendi</strong></span> <span class='ocrx_word' id='word_1_119' title='bbox 892 1698 1064 1745; x_wconf 86' lang='lat' dir='ltr'><strong>regimine</strong></span> <span class='ocrx_word' id='word_1_120' title='bbox 1084 1696 1237 1732; x_wconf 66' lang='lat' dir='ltr'><strong>ecclesia</strong></span> <span class='ocrx_word' id='word_1_121' title='bbox 1257 1704 1386 1732; x_wconf 64' lang='lat' dir='ltr'><strong>nostro</strong></span> <span class='ocrx_word' id='word_1_122' title='bbox 1401 1696 1588 1732; x_wconf 83' lang='lat' dir='ltr'><strong>consilium</strong></span> 
     </span>
     <span class='ocr_line' id='line_1_18' title="bbox 816 1764 1358 1802; baseline -0.004 -12"><span class='ocrx_word' id='word_1_123' title='bbox 816 1767 1028 1802; x_wconf 80' lang='lat' dir='ltr'><strong>accepimus.</strong></span> <span class='ocrx_word' id='word_1_124' title='bbox 1351 1764 1358 1774; x_wconf 88' lang='lat'><strong><em>¹</em></strong></span> 
     </span>
    </p>
   </div>
   <div class='ocr_carea' id='block_1_4' title="bbox 165 1871 1639 2557">
    <p class='ocr_par' dir='ltr' id='par_1_4' title="bbox 217 1871 1638 2091">
     <span class='ocr_line' id='line_1_19' title="bbox 285 1871 1638 1938; baseline -0.004 -16"><span class='ocrx_word' id='word_1_125' title='bbox 285 1877 339 1935; x_wconf 77' lang='lat' dir='ltr'><strong>ln</strong></span> <span class='ocrx_word' id='word_1_126' title='bbox 361 1875 504 1922; x_wconf 87' lang='lat' dir='ltr'><strong>tantis</strong></span> <span class='ocrx_word' id='word_1_127' title='bbox 524 1875 667 1938; x_wconf 86' lang='lat' dir='ltr'><strong>igitur</strong></span> <span class='ocrx_word' id='word_1_128' title='bbox 693 1890 743 1921; x_wconf 90' lang='lat' dir='ltr'><strong>se</strong></span> <span class='ocrx_word' id='word_1_129' title='bbox 764 1881 1105 1937; x_wconf 88' lang='lat' dir='ltr'><strong>cognoscentes</strong></span> <span class='ocrx_word' id='word_1_130' title='bbox 1127 1871 1410 1918; x_wconf 90' lang='lat' dir='ltr'><strong>constitutos</strong></span> <span class='ocrx_word' id='word_1_131' title='bbox 1434 1886 1533 1918; x_wconf 86' lang='lat' dir='ltr'><strong>esse</strong></span> <span class='ocrx_word' id='word_1_132' title='bbox 1556 1886 1638 1935; x_wconf 86' lang='lat' dir='ltr'><strong>pe·</strong></span> 
     </span>
     <span class='ocr_line' id='line_1_20' title="bbox 217 1948 1637 2014; baseline -0.004 -14"><span class='ocrx_word' id='word_1_133' title='bbox 217 1952 376 1999; x_wconf 90' lang='lat' dir='ltr'><strong>riculis</strong></span> <span class='ocrx_word' id='word_1_134' title='bbox 390 1989 403 2013; x_wconf 97' lang='lat'><strong>,</strong></span> <span class='ocrx_word' id='word_1_135' title='bbox 429 1969 540 2013; x_wconf 89' lang='lat' dir='ltr'><strong>cum</strong></span> <span class='ocrx_word' id='word_1_136' title='bbox 558 1968 587 2000; x_wconf 90' lang='lat' dir='ltr'><strong>a</strong></span> <span class='ocrx_word' id='word_1_137' title='bbox 603 1951 785 1999; x_wconf 86' lang='lat' dir='ltr'><strong>cunctis</strong></span> <span class='ocrx_word' id='word_1_138' title='bbox 808 1952 1005 1998; x_wconf 88' lang='lat' dir='ltr'><strong>unicum</strong></span> <span class='ocrx_word' id='word_1_139' title='bbox 1023 1950 1091 1997; x_wconf 92' lang='lat' dir='ltr'><strong>eis</strong></span> <span class='ocrx_word' id='word_1_140' title='bbox 1114 1965 1252 2014; x_wconf 90' lang='lat' dir='ltr'><strong>posse</strong></span> <span class='ocrx_word' id='word_1_141' title='bbox 1273 1948 1429 1996; x_wconf 86' lang='lat' dir='ltr'><strong>afferri</strong></span> <span class='ocrx_word' id='word_1_142' title='bbox 1452 1964 1637 2013; x_wconf 87' lang='lat' dir='ltr'><strong>propo-</strong></span> 
     </span>
     <span class='ocr_line' id='line_1_21' title="bbox 218 2024 1636 2091; baseline -0.004 -15"><span class='ocrx_word' id='word_1_143' title='bbox 218 2038 411 2076; x_wconf 90' lang='lat' dir='ltr'><strong>neretur</strong></span> <span class='ocrx_word' id='word_1_144' title='bbox 442 2028 708 2076; x_wconf 90' lang='lat' dir='ltr'><strong>remedium</strong></span> <span class='ocrx_word' id='word_1_145' title='bbox 728 2065 741 2090; x_wconf 94' lang='lat'><strong>,</strong></span> <span class='ocrx_word' id='word_1_146' title='bbox 775 2028 814 2076; x_wconf 89' lang='lat' dir='ltr'><strong>si</strong></span> <span class='ocrx_word' id='word_1_147' title='bbox 855 2043 945 2074; x_wconf 91' lang='lat' dir='ltr'><strong>nos</strong></span> <span class='ocrx_word' id='word_1_148' title='bbox 961 2064 973 2088; x_wconf 92' lang='lat'><strong>,</strong></span> <span class='ocrx_word' id='word_1_149' title='bbox 1010 2026 1072 2073; x_wconf 90' lang='lat' dir='ltr'><strong>ad</strong></span> <span class='ocrx_word' id='word_1_150' title='bbox 1094 2024 1385 2091; x_wconf 89' lang='lat' dir='ltr'><strong>placandum</strong></span> <span class='ocrx_word' id='word_1_151' title='bbox 1417 2024 1636 2088; x_wconf 89' lang='lat' dir='ltr'><strong>indigna-</strong></span> 
     </span>
    </p>

    <p class='ocr_par' dir='ltr' id='par_1_5' title="bbox 165 2103 1639 2557">
     <span class='ocr_line' id='line_1_22' title="bbox 165 2103 1637 2171; baseline -0.005 -16"><span class='ocrx_word' id='word_1_152' title='bbox 165 2157 177 2168; x_wconf 58' lang='lat'><strong>,</strong></span> <span class='ocrx_word' id='word_1_153' title='bbox 207 2106 398 2155; x_wconf 54' lang='lat' dir='ltr'><strong>tionem</strong></span> <span class='ocrx_word' id='word_1_154' title='bbox 420 2107 557 2171; x_wconf 85' lang='lat' dir='ltr'><strong>regiae</strong></span> <span class='ocrx_word' id='word_1_155' title='bbox 586 2105 858 2171; x_wconf 88' lang='lat' dir='ltr'><strong>majestatis,</strong></span> <span class='ocrx_word' id='word_1_156' title='bbox 883 2106 933 2152; x_wconf 92' lang='lat' dir='ltr'><strong>in</strong></span> <span class='ocrx_word' id='word_1_157' title='bbox 957 2104 1170 2152; x_wconf 88' lang='lat' dir='ltr'><strong>favorem</strong></span> <span class='ocrx_word' id='word_1_158' title='bbox 1203 2103 1400 2167; x_wconf 89' lang='lat' dir='ltr'><strong>alicujus</strong></span> <span class='ocrx_word' id='word_1_159' title='bbox 1422 2118 1637 2168; x_wconf 90' lang='lat' dir='ltr'><strong>personae</strong></span> 
     </span>
     <span class='ocr_line' id='line_1_23' title="bbox 217 2180 1638 2248; baseline -0.005 -16"><span class='ocrx_word' id='word_1_160' title='bbox 217 2183 308 2232; x_wconf 88' lang='lat' dir='ltr'><strong>sibi</strong></span> <span class='ocrx_word' id='word_1_161' title='bbox 338 2194 504 2248; x_wconf 83' lang='lat' dir='ltr'><strong>gratae,</strong></span> <span class='ocrx_word' id='word_1_162' title='bbox 540 2184 745 2232; x_wconf 81' lang='lat' dir='ltr'><strong>ecclesiae</strong></span> <span class='ocrx_word' id='word_1_163' title='bbox 773 2192 946 2231; x_wconf 84' lang='lat' dir='ltr'><strong>nostrae</strong></span> <span class='ocrx_word' id='word_1_164' title='bbox 980 2182 1207 2245; x_wconf 87' lang='lat' dir='ltr'><strong>regimine</strong></span> <span class='ocrx_word' id='word_1_165' title='bbox 1238 2180 1407 2228; x_wconf 89' lang='lat' dir='ltr'><strong>cedere</strong></span> <span class='ocrx_word' id='word_1_166' title='bbox 1438 2195 1638 2226; x_wconf 89' lang='lat' dir='ltr'><strong>consen·</strong></span> 
     </span>
     <span class='ocr_line' id='line_1_24' title="bbox 217 2255 1638 2327; baseline -0.005 -18"><span class='ocrx_word' id='word_1_167' title='bbox 217 2261 413 2309; x_wconf 88' lang='lat' dir='ltr'><strong>tiremus</strong></span> <span class='ocrx_word' id='word_1_168' title='bbox 429 2299 441 2323; x_wconf 92' lang='lat'><strong>,</strong></span> <span class='ocrx_word' id='word_1_169' title='bbox 479 2262 730 2327; x_wconf 85' lang='lat' dir='ltr'><strong>impetrata</strong></span> <span class='ocrx_word' id='word_1_170' title='bbox 769 2277 798 2308; x_wconf 92' lang='lat' dir='ltr'><strong>a</strong></span> <span class='ocrx_word' id='word_1_171' title='bbox 842 2275 951 2323; x_wconf 85' lang='lat' dir='ltr'><strong>rege</strong></span> <span class='ocrx_word' id='word_1_172' title='bbox 992 2259 1182 2306; x_wconf 90' lang='lat' dir='ltr'><strong>licentia</strong></span> <span class='ocrx_word' id='word_1_173' title='bbox 1224 2274 1314 2323; x_wconf 89' lang='lat' dir='ltr'><strong>pro</strong></span> <span class='ocrx_word' id='word_1_174' title='bbox 1361 2255 1638 2321; x_wconf 87' lang='lat' dir='ltr'><strong>hujusmodi</strong></span> 
     </span>
     <span class='ocr_line' id='line_1_25' title="bbox 219 2333 1638 2403; baseline -0.006 -16"><span class='ocrx_word' id='word_1_175' title='bbox 219 2355 361 2387; x_wconf 88' lang='lat' dir='ltr'><strong>causa</strong></span> <span class='ocrx_word' id='word_1_176' title='bbox 381 2338 444 2387; x_wconf 92' lang='lat' dir='ltr'><strong>ad</strong></span> <span class='ocrx_word' id='word_1_177' title='bbox 463 2356 552 2386; x_wconf 93' lang='lat' dir='ltr'><strong>nos</strong></span> <span class='ocrx_word' id='word_1_178' title='bbox 575 2355 723 2403; x_wconf 90' lang='lat' dir='ltr'><strong>usque</strong></span> <span class='ocrx_word' id='word_1_179' title='bbox 746 2336 969 2385; x_wconf 89' lang='lat' dir='ltr'><strong>veniendi</strong></span> <span class='ocrx_word' id='word_1_180' title='bbox 992 2335 1144 2401; x_wconf 91' lang='lat' dir='ltr'><strong>(quod</strong></span> <span class='ocrx_word' id='word_1_181' title='bbox 1164 2335 1279 2383; x_wconf 89' lang='lat' dir='ltr'><strong>alias</strong></span> <span class='ocrx_word' id='word_1_182' title='bbox 1300 2335 1401 2382; x_wconf 91' lang='lat' dir='ltr'><strong>sine</strong></span> <span class='ocrx_word' id='word_1_183' title='bbox 1424 2333 1638 2399; x_wconf 92' lang='lat' dir='ltr'><strong>periculo</strong></span> 
     </span>
     <span class='ocr_line' id='line_1_26' title="bbox 221 2409 1639 2482; baseline -0.005 -19"><span class='ocrx_word' id='word_1_184' title='bbox 221 2417 431 2482; x_wconf 90' lang='lat' dir='ltr'><strong>capitum</strong></span> <span class='ocrx_word' id='word_1_185' title='bbox 452 2433 650 2464; x_wconf 90' lang='lat' dir='ltr'><strong>suorum</strong></span> <span class='ocrx_word' id='word_1_186' title='bbox 690 2415 844 2463; x_wconf 84' lang='lat' dir='ltr'><strong>facere</strong></span> <span class='ocrx_word' id='word_1_187' title='bbox 874 2414 1071 2461; x_wconf 89' lang='lat' dir='ltr'><strong>minime</strong></span> <span class='ocrx_word' id='word_1_188' title='bbox 1101 2414 1203 2460; x_wconf 91' lang='lat' dir='ltr'><strong>ausi</strong></span> <span class='ocrx_word' id='word_1_189' title='bbox 1227 2411 1460 2474; x_wconf 81' lang='lat' dir='ltr'><strong>fuissent),</strong></span> <span class='ocrx_word' id='word_1_190' title='bbox 1498 2409 1639 2457; x_wconf 90' lang='lat' dir='ltr'><strong>nobis</strong></span> 
     </span>
     <span class='ocr_line' id='line_1_27' title="bbox 220 2487 1637 2557; baseline -0.005 -17"><span class='ocrx_word' id='word_1_191' title='bbox 220 2510 333 2540; x_wconf 91' lang='lat' dir='ltr'><strong>cum</strong></span> <span class='ocrx_word' id='word_1_192' title='bbox 365 2494 548 2557; x_wconf 87' lang='lat' dir='ltr'><strong>magnis</strong></span> <span class='ocrx_word' id='word_1_193' title='bbox 586 2492 840 2557; x_wconf 88' lang='lat' dir='ltr'><strong>gemitibus</strong></span> <span class='ocrx_word' id='word_1_194' title='bbox 868 2502 914 2540; x_wconf 92' lang='lat' dir='ltr'><strong>et</strong></span> <span class='ocrx_word' id='word_1_195' title='bbox 936 2491 1157 2556; x_wconf 84' lang='lat' dir='ltr'><strong>lacrymis</strong></span> <span class='ocrx_word' id='word_1_196' title='bbox 1187 2490 1235 2537; x_wconf 91' lang='lat' dir='ltr'><strong>in</strong></span> <span class='ocrx_word' id='word_1_197' title='bbox 1268 2489 1359 2537; x_wconf 93' lang='lat' dir='ltr'><strong>hac</strong></span> <span class='ocrx_word' id='word_1_198' title='bbox 1387 2487 1506 2535; x_wconf 90' lang='lat' dir='ltr'><strong>urbe</strong></span> <span class='ocrx_word' id='word_1_199' title='bbox 1526 2490 1637 2534; x_wconf 90' lang='lat' dir='ltr'><strong>Tre·</strong></span> 
     </span>
    </p>
   </div>
   <div class='ocr_carea' id='block_1_5' title="bbox 223 2650 1639 2831">
    <p class='ocr_par' dir='ltr' id='par_1_6' title="bbox 223 2650 1639 2831">
     <span class='ocr_line' id='line_1_28' title="bbox 266 2650 1639 2706; baseline -0.004 -13"><span class='ocrx_word' id='word_1_200' title='bbox 266 2657 294 2693; x_wconf 81' lang='lat'><strong>-1</strong></span> <span class='ocrx_word' id='word_1_201' title='bbox 307 2684 315 2693; x_wconf 88' lang='lat'><strong>.</strong></span> <span class='ocrx_word' id='word_1_202' title='bbox 344 2655 451 2694; x_wconf 82' lang='lat' dir='ltr'><strong>Cette</strong></span> <span class='ocrx_word' id='word_1_203' title='bbox 467 2667 614 2694; x_wconf 80' lang='lat' dir='ltr'><strong>somme</strong></span> <span class='ocrx_word' id='word_1_204' title='bbox 636 2654 781 2695; x_wconf 86' lang='lat' dir='ltr'><strong>semble</strong></span> <span class='ocrx_word' id='word_1_205' title='bbox 800 2657 881 2695; x_wconf 74' lang='lat' dir='ltr'><strong>etre</strong></span> <span class='ocrx_word' id='word_1_206' title='bbox 899 2655 995 2694; x_wconf 84' lang='lat' dir='ltr'><strong>celle</strong></span> <span class='ocrx_word' id='word_1_207' title='bbox 1016 2654 1083 2706; x_wconf 90' lang='lat' dir='ltr'><strong>qui</strong></span> <span class='ocrx_word' id='word_1_208' title='bbox 1101 2655 1159 2692; x_wconf 83' lang='lat' dir='ltr'><strong>fut</strong></span> <span class='ocrx_word' id='word_1_209' title='bbox 1175 2652 1355 2692; x_wconf 76' lang='lat' dir='ltr'><strong>restituee</strong></span> <span class='ocrx_word' id='word_1_210' title='bbox 1368 2653 1452 2704; x_wconf 83' lang='lat' dir='ltr'><strong>plus</strong></span> <span class='ocrx_word' id='word_1_211' title='bbox 1471 2650 1577 2700; x_wconf 88' lang='lat' dir='ltr'><strong>tard,</strong></span> <span class='ocrx_word' id='word_1_212' title='bbox 1601 2658 1639 2688; x_wconf 86' lang='lat' dir='ltr'><strong>et</strong></span> 
     </span>
     <span class='ocr_line' id='line_1_29' title="bbox 223 2712 1637 2769; baseline -0.004 -14"><span class='ocrx_word' id='word_1_213' title='bbox 223 2716 318 2755; x_wconf 88' lang='lat' dir='ltr'><strong>dont</strong></span> <span class='ocrx_word' id='word_1_214' title='bbox 347 2716 512 2756; x_wconf 76' lang='lat' dir='ltr'><strong>Thomas</strong></span> <span class='ocrx_word' id='word_1_215' title='bbox 536 2717 652 2755; x_wconf 88' lang='lat' dir='ltr'><strong>Basin</strong></span> <span class='ocrx_word' id='word_1_216' title='bbox 679 2717 810 2756; x_wconf 87' lang='lat' dir='ltr'><strong>donna</strong></span> <span class='ocrx_word' id='word_1_217' title='bbox 839 2717 1032 2769; x_wconf 84' lang='lat' dir='ltr'><strong>quittance</strong></span> <span class='ocrx_word' id='word_1_218' title='bbox 1059 2717 1096 2755; x_wconf 86' lang='lat' dir='ltr'><strong>le</strong></span> <span class='ocrx_word' id='word_1_219' title='bbox 1127 2717 1179 2755; x_wconf 71' lang='lat'><strong>24</strong></span> <span class='ocrx_word' id='word_1_220' title='bbox 1209 2715 1293 2764; x_wconf 88' lang='lat' dir='ltr'><strong>juin</strong></span> <span class='ocrx_word' id='word_1_221' title='bbox 1318 2716 1436 2753; x_wconf 69' lang='lat'><strong>1474.</strong></span> <span class='ocrx_word' id='word_1_222' title='bbox 1470 2713 1563 2751; x_wconf 87' lang='lat' dir='ltr'><strong>Voir</strong></span> <span class='ocrx_word' id='word_1_223' title='bbox 1582 2712 1637 2751; x_wconf 82' lang='lat' dir='ltr'><strong>les</strong></span> 
     </span>
     <span class='ocr_line' id='line_1_30' title="bbox 223 2777 969 2831; baseline -0.001 -14"><span class='ocrx_word' id='word_1_224' title='bbox 223 2778 349 2831; x_wconf 56' lang='lat' dir='ltr'><strong>pisces</strong></span> <span class='ocrx_word' id='word_1_225' title='bbox 359 2777 622 2827; x_wconf 71' lang='lat' dir='ltr'><strong>justificatives</strong></span> <span class='ocrx_word' id='word_1_226' title='bbox 642 2777 694 2816; x_wconf 89' lang='lat' dir='ltr'><strong>du</strong></span> <span class='ocrx_word' id='word_1_227' title='bbox 713 2780 780 2816; x_wconf 84' lang='lat' dir='ltr'><strong>IV·</strong></span> <span class='ocrx_word' id='word_1_228' title='bbox 799 2778 969 2817; x_wconf 85' lang='lat' dir='ltr'><strong>volume.</strong></span> 
     </span>
    </p>
   </div>
  </div>
 </body>
</html>
