2060 3392
435 311 511 348 160
799 312 1141 350 HISTORIARUM
1166 313 1404 350 LUDOVICI
1432 313 1487 350 XI

498 403 619 447 Cum
644 410 804 447 autem
826 401 1029 448 multum
1061 400 1151 448 sibi
1177 401 1393 449 viderent
1429 405 1847 468 opportunum·ad

431 477 802 542 expugnandum
826 478 1089 539 civitatem,
1123 478 1161 525 si
1185 478 1518 526 suburbanum
1529 482 1558 541 ¹,
1593 480 1726 544 quod
1748 491 1849 530 erat

430 555 492 603 ad
526 566 713 621 portam
745 547 831 620 per
870 571 1015 619 quam
1051 556 1464 604 Amsterodamum
1494 557 1610 604 itur²
1634 558 1842 622 navigio,

430 643 620 698 possent
641 633 901 696 acquirere,
929 633 992 680 ad
1007 633 1125 680 illud
1146 634 1517 699 expugnandum
1537 636 1720 698 magnis
1739 635 1846 684 viriss

428 711 519 758 bus
553 709 876 757 intenderunt.
906 713 1017 757 Erat
1040 710 1235 775 quidem
1262 712 1395 759 sossis
1417 721 1465 760 et
1485 727 1609 777 aqua
1631 713 1845 778 undique

428 789 635 835 cinctum
660 797 706 835 et
724 803 951 850 magnum
973 797 1114 852 atque
1136 789 1425 854 populosum
1438 827 1451 852 ,
1474 789 1844 856 obserarantque

427 865 583 913 aditus
616 865 786 913 accolae
816 865 915 912 *loci
944 866 1093 930 portis
1115 875 1162 912 et
1191 867 1448 931 repagulis,
1481 884 1567 932 per
1601 869 1746 932 quos⁸
1774 868 1845 916 in-

427 960 609 1006 gressus
631 944 681 989 in
705 943 862 1008 ipsum
882 943 1122 1007 patuisset.
1148 945 1304 996 Semel
1324 960 1534 1008 quoque,
1559 945 1694 992 initio
1712 945 1844 994 obsi-

426 1020 605 1081 dionis,
632 1037 744 1067 cum
775 1019 1044 1067 obsessores
1078 1029 1334 1068 tentassent
1360 1021 1518 1086 ipsum
1550 1021 1837 1088 irrumpere,

425 1114 524 1159 eos,
540 1098 757 1163 apposita
778 1097 932 1144 valida
950 1097 1244 1157 defensione,
1266 1097 1630 1157 submoverant,
1650 1110 1698 1147 et
1713 1101 1853 1148 caesis-

425 1192 481 1222 ex
506 1175 617 1240 ipsis
635 1175 868 1240 plurimis,
895 1175 1065 1238 reliqui
1086 1174 1362 1238 effugerant.
1389 1178 1539 1223 Porro
1567 1177 1726 1241 ipsum
1758 1178 1840 1238 de·

425 1269 523 1299 nuo
552 1269 821 1318 expugnare
849 1252 1004 1300 adorti
1031 1253 1214 1316 magnis
1245 1251 1449 1314 viribus,
1477 1265 1836 1318 expugnarunt3

424 1346 512 1376 nec
531 1339 803 1394 potuerunt,
826 1330 909 1394 qui
929 1329 991 1376 ad
1010 1329 1167 1393 ipsum
1186 1329 1439 1376 tutandum
1457 1330 1553 1377 illic
1571 1330 1836 1390 adstabant,

423 1403 626 1467 amplius
642 1403 798 1468 ipsum
821 1419 1005 1450 servare
1018 1440 1031 1464 ,
1053 1403 1133 1450 sed
1155 1403 1299 1451 misso
1321 1404 1371 1451 in
1397 1405 1640 1452 nonnullis
1658 1405 1840 1453 aedibus

422 1480 665 1540 incendiO,
691 1497 795 1544 quae
815 1497 966 1545 prope
985 1497 1152 1528 omnes
1171 1481 1476 1529 straminibus
1497 1482 1573 1528 vel
1594 1482 1838 1530 arundini-

420 1557 512 1604 bus
552 1567 687 1604 erant
730 1567 964 1623 coopertae
981 1595 1006 1619 ,‚
1027 1557 1201 1622 quibus
1235 1560 1511 1624 tempestive
1552 1559 1646 1606 hoc
1686 1559 1838 1607 facere

420 1636 572 1695 licuit,
608 1635 670 1683 ad
699 1636 938 1683 civitatem
965 1636 1219 1699 fugientes,
1253 1652 1354 1683 sese
1375 1636 1470 1684 illic
1491 1650 1772 1703 receperunt
1791 1651 1838 1688 et

419 1715 482 1762 ad
504 1732 610 1763 eam
633 1732 722 1780 pro
751 1715 906 1761 salute
922 1713 1099 1761 tuenda
1132 1714 1465 1777 confugerunt.
1503 1719 1712 1765 Fuerunt
1745 1735 1837 1766 au-

421 1802 516 1839 tem
532 1793 582 1839 in
596 1793 678 1839 illo
694 1792 951 1840 certamine
968 1791 1092 1838 ultro
1109 1791 1323 1856 citroque
1340 1794 1559 1840 nonnulli
1575 1797 1831 1861 perempti;

418 1880 465 1916 et
477 1869 630 1935 (quod
652 1886 750 1916 non
769 1885 940 1934 parum
959 1868 1246 1915 damnosum
1262 1870 1466 1934 principi
1483 1870 1586 1930 fuit,
1604 1873 1836 1937 terrisque

418 1949 522 1996 suis
552 1947 840 2007 Hollandiae,
885 1946 1060 2012 quibus
1100 1946 1317 2010 regendis
1349 1958 1491 2012 atque
1530 1949 1836 2006 moderandis

419 2027 545 2073 vices
566 2025 792 2090 principis
815 2024 1045 2089 gerebat),
1066 2025 1230 2089 paucis
1247 2035 1357 2090 post
1373 2026 1647 2090 hujusmodi
1670 2027 1835 2075 subur-

417 2102 532 2150 bani
579 2102 980 2168 expugnationem
1020 2101 1213 2160 diebus,
1256 2102 1343 2149 fuit
1381 2104 1475 2151 illic
1517 2104 1646 2168 jactu
1693 2105 1833 2152 unius

416 2179 757 2228 bombardellae
779 2189 1051 2246 peremptus
1073 2179 1297 2227 dominus
1314 2184 1338 2227 J
1342 2181 1526 2243 udocus
1539 2181 1599 2228 de
1610 2182 1827 2248 Lalaing,

417 2258 591 2306 nobilis
624 2259 759 2305 miles
796 2274 854 2305 ex
878 2258 1132 2304 Hannonia
1146 2295 1159 2319 ,
1207 2259 1277 2304 vir
1311 2259 1523 2323 prudens
1562 2269 1703 2323 atque
1740 2260 1830 2307 ho-

418 2346 577 2383 nestus
589 2337 618 2381 ὦ.

470 2504 507 2540 1.
538 2504 591 2539 Le
608 2503 751 2540 Waert.

469 2566 506 2601 2.
538 2566 600 2602 Sic
618 2562 752 2600 Matth.
769 2565 872 2600 Dans
890 2562 925 2599 le
947 2574 1018 2599 ms.
1037 2576 1236 2615 perquam
1250 2566 1545 2602 Amsterodamis
1566 2567 1639 2606 iter
1664 2572 1822 2620 naviglo.

469 2628 507 2664 3.
539 2628 609 2663 Ms.
632 2639 703 2676 que
715 2639 730 2670 ς
751 2624 952 2662 Matthaeus
969 2638 1086 2674 q1cc155
1107 2626 1201 2663 mais
1216 2625 1242 2662 il
1262 2626 1371 2678 s'agit
1389 2626 1437 2665 de
1455 2630 1596 2668 aditus.

469 2691 506 2726 4.
538 2690 635 2738 Voy.
666 2686 873 2734 ci-dessus‚
900 2701 940 2739 p.
963 2688 1027 2725 93.
1055 2705 1072 2721 «
1094 2688 1214 2725 Ceulx
1233 2687 1280 2726 de
1304 2689 1341 2726 la
1366 2691 1538 2728 muraille
1563 2692 1599 2729 le
1627 2693 1826 2744 congnois-

414 2750 537 2788 soient
560 2750 831 2788 aulcunement
854 2750 876 2788 a
894 2762 1007 2788 cause
1028 2750 1123 2800 qu’il
1143 2751 1247 2788 avoit
1268 2751 1410 2805 longue
1437 2753 1535 2792 suite
1555 2763 1592 2792 et
1610 2755 1753 2806 portoit
1778 2755 1826 2793 de

414 2821 612 2852 coustume
638 2825 716 2864 ung
748 2812 889 2851 mantel
924 2811 1172 2862 d’escarlate3
1196 2813 1323 2865 lequel
1346 2816 1504 2855 messire
1536 2819 1645 2856 Josse
1669 2818 1826 2857 voulant
