2060 3392
659 299 805 351 mmm
833 299 1105 337 SECUNDUS.
1517 297 1592 333 383

169 387 366 437 habenti
386 404 482 451 suae
502 402 659 454 pravae
681 389 914 437 voluntati
935 388 1240 436 assentientes
1265 403 1322 434 ac
1342 386 1594 434 foederatos

170 466 353 530 regium
372 465 658 514 advocatum
675 482 733 514 ac
753 475 1114 532 procuratorem
1136 480 1220 513 seu
1240 478 1410 512 eorum
1425 463 1595 511 substi-

170 546 300 591 tutos
315 543 419 608 (qui
440 543 760 592 communiter
775 560 833 591 ex
855 542 1174 608 iniquioribus
1192 543 1337 590 totius
1354 542 1517 608 patriae
1534 541 1595 589 ad

170 618 284 667 talia
304 618 463 667 officia
485 620 700 685 pecuniae
721 620 991 668 interventu
1014 619 1239 668 accedere
1264 618 1463 683 solent),
1489 633 1599 684 pro·

171 697 250 745 cul
268 697 437 761 dubio,
466 698 527 746 de
548 699 645 747 vita
673 699 808 747 facile
838 699 1092 764 periclitari
1114 699 1288 764 poterit
1308 714 1399 764 pro
1429 709 1599 745 eorum

170 773 351 824 nefaria
385 785 433 824 et
472 776 762 840 nequissima
796 777 1058 824 voluntate.
1099 776 1318 824 Conficto
1351 775 1479 823 enim
1514 788 1601 840 per

170 851 448 917 hujusmodi
470 852 694 901 officiales
724 853 858 918 quod
880 863 1048 902 contra
1071 854 1214 902 talem
1245 853 1436 919 penitus
1460 853 1601 900 inno·

172 931 362 977 centem
393 946 536 996 super
570 931 731 995 aliquo
762 931 961 979 crimine
991 925 1382 979 informationem
1410 944 1603 995 accepe-

171 1005 286 1066 rint,
311 1007 473 1055 -statim
502 1024 589 1072 per
619 1008 815 1055 eosdem
850 1008 1192 1073 apprehensus,
1223 1008 1354 1055 velut
1390 1008 1603 1055 criminis

173 1085 384 1151 capitalis
416 1101 526 1133 reus
559 1085 837 1133 detrudetur
857 1086 906 1133 in
930 1102 1189 1145 carcerem,
1213 1095 1520 1150 sumeturque
1542 1085 1603 1133 de

173 1173 233 1209 eo
266 1162 464 1227 quaestio
494 1161 558 1210 ad
587 1178 861 1211 mensuram
882 1172 928 1212 et
960 1162 1211 1211 arbitrium
1239 1178 1403 1225 suum,
1432 1172 1480 1210 et
1498 1161 1605 1210 talis

174 1238 310 1302 quod
332 1249 415 1288 aut
437 1239 571 1288 fateri
591 1241 772 1288 crimen
800 1240 967 1288 dolore
994 1250 1043 1289 et
1065 1240 1321 1289 acerbitate
1341 1250 1605 1288 tormento-

176 1332 303 1377 rum,
337 1326 422 1364 aut
442 1316 616 1366 referre
641 1335 690 1365 se
711 1319 773 1365 ad
799 1319 1065 1382 inquestam
1090 1318 1253 1384 patriae
1271 1319 1599 1384 compelletur.

176 1393 225 1440 Si
242 1393 515 1455 confitetur,
546 1395 801 1442 damnatus
816 1405 908 1455 est3
933 1396 970 1443 si
996 1396 1057 1443 ad
1083 1397 1351 1460 inquestam
1373 1411 1422 1442 se
1442 1395 1605 1460 patriae

175 1469 372 1532 referat,
404 1487 515 1518 cum
550 1488 607 1518 ex
643 1472 879 1520 levissima
910 1473 1179 1538 suspicione
1207 1473 1284 1521 vel
1318 1472 1451 1520 tenui
1480 1473 1625 1546 fama¹

175 1547 418 1596 interdum
447 1559 496 1597 et
518 1549 808 1614 frequentius
831 1544 1054 1598 homines
1075 1551 1139 1599 ad
1168 1550 1465 1598 credendum
1486 1567 1604 1615 prae-

176 1627 339 1674 sertim
355 1628 484 1682 mala
504 1628 564 1676 de
582 1629 812 1694 proximis
830 1629 1137 1691 inducantur,
1154 1640 1201 1677 et
1214 1630 1420 1677 maxime
1442 1629 1480 1675 si
1500 1630 1606 1692 quis

177 1705 438 1770 aliquando
477 1706 537 1754 de
577 1707 736 1770 aliqua
773 1706 913 1754 fuerit
962 1717 1156 1754 notatus
1195 1706 1490 1771 turpitudine
1531 1706 1607 1754 vel

177 1792 440 1847 suspectus,
468 1793 552 1830 aut
571 1783 740 1831 vicinis
762 1783 885 1847 (esto
913 1800 1003 1848 pro
1030 1784 1210 1848 justitia
1231 1800 1317 1832 sua
1336 1782 1534 1840 tuenda,
1560 1793 1607 1830 et

179 1858 312 1907 nulla
340 1875 427 1907 sua
452 1860 594 1925 culpa
613 1861 690 1908 vel
710 1861 886 1924 injuria
907 1861 1132 1925 cuiquam
1166 1861 1389 1924 irrogata,
1423 1869 1477 1907 ut
1506 1859 1606 1924 ple-

179 1953 384 2000 rumque
402 1938 594 2001 assolet)
614 1938 763 1986 factus
785 1939 1045 2003 aliquando
1067 1939 1206 1987 fuerit
1227 1955 1415 2000 exosuS,
1437 1938 1607 2003 procul
1648 1932 1651 1934 v

181 2014 350 2076 dubio,
375 2032 463 2082 per
482 2010 627 2063 talem
648 2017 918 2081 inquestam
948 2027 996 2065 et
1024 2017 1281 2065 hominum
1303 2018 1602 2077 relationem,

180 2093 397 2158 quamvis
428 2093 548 2141 nihil
582 2094 643 2142 de
678 2094 787 2142 facti
816 2095 1012 2143 veritate
1042 2112 1091 2143 se
1123 2096 1241 2143 scire
1264 2095 1524 2156 affirment,
1549 2111 1606 2142 ex

180 2171 284 2218 sola
304 2186 474 2218 eorum
506 2170 783 2220 credulitate
820 2171 1127 2220 damnabitur
1162 2173 1225 2220 ad
1257 2182 1479 2231 mortem,
1518 2189 1607 2219 nec

153 2293 157 2298 .
183 2247 282 2295 ullo
303 2248 635 2314 appellationis
658 2249 871 2297 remedio
896 2266 979 2297 seu
1000 2266 1089 2315 pro
1118 2266 1424 2314 quocumque
1447 2266 1607 2313 grava·

182 2326 331 2389 mine,
349 2326 440 2375 sibi
457 2337 568 2375 ante
584 2327 885 2376 diffinitivam
910 2345 994 2376 seu
1011 2339 1119 2394 post
1137 2346 1224 2395 per
1244 2328 1463 2376 eamdem
1483 2328 1606 2376 diffi-

183 2404 382 2452 nitivam
405 2405 553 2466 illato,
582 2405 826 2454 subveniri
854 2406 897 2454 ei
920 2408 1112 2472 poterit.

250 2482 394 2544 Quis,
438 2499 623 2547 quaeso,
672 2483 762 2531 nisi
797 2478 1052 2549 insipiens,
1104 2483 1193 2531 sub
1228 2485 1310 2532 tali
1359 2485 1523 2549 iniqua
1560 2494 1608 2531 et

186 2560 581 2623 perniciosissima
624 2560 727 2624 lege
763 2561 920 2608 vivere
957 2578 1058 2609 non
1098 2561 1291 2609 horreat
1332 2572 1381 2609 et
1423 2571 1608 2608 contre-

188 2637 378 2695 miscat,
405 2648 451 2684 et
474 2638 715 2702 potissime
738 2639 872 2703 quia,
900 2648 953 2685 ut
978 2639 1263 2704 plurimum,
1290 2656 1346 2686 ex
1374 2639 1607 2702 iniquissi-

188 2717 278 2764 mis
306 2716 610 2779 hominibus,
654 2720 811 2766 omnis
833 2719 953 2782 juris
986 2719 1173 2783 penitus
1208 2719 1398 2781 ignaris,
1436 2717 1607 2764 talibus

190 2793 383 2855 officiis,
417 2796 485 2841 uti
514 2795 743 2856 diximus,
778 2793 1071 2860 providetur,
1106 2796 1187 2858 qui
1227 2811 1284 2842 ea
1319 2795 1608 2858 frequentius
