2060 3392
465 342 542 381 ¹⁹0
794 333 796 337 “
835 341 1178 381 Hls‘rommmu
1205 340 1442 379 Lunovlm
1470 339 1530 377 Χῖ

466 430 692 481 fuerunt?
718 430 844 477 Dicit
875 429 1004 476 enim
1034 428 1404 493 sapientissimus
1437 425 1666 473 Salomon
1698 426 1748 475 in
1779 427 1892 475 Pro-

466 510 640 559 verbiis
662 509 976 574 quod-hostiae
998 510 1256 574 impiorum
1274 505 1620 556 abominabiles
1641 516 1752 554 sunt
1768 501 1888 570 Deo,

465 603 570 650 quae
604 587 869 634 offeruntur
887 602 944 634 ex
963 586 1159 647 scelere3
1183 595 1230 633 et
1257 586 1306 632 in
1333 585 1661 633 Ecclesiastico
1694 584 1893 648 legimus

467 664 600 730 quod
634 683 657 709 «
687 665 977 712 immolantis
998 681 1055 712 ex
1085 663 1252 728 iniquo
1277 662 1458 711 oblatio
1481 671 1549 710 est
1570 662 1806 710 maculata
1821 699 1834 724 ‚
1863 680 1888 708 ι)

441 752 513 803 ,εἰ
551 762 573 785 (ε
611 759 710 789 non
752 752 861 790 sunt
899 741 1206 808 beneplacitae
1251 740 1646 788 subsannationes
1692 740 1891 805 injusto·

466 838 591 882 rum,
625 839 647 865 »
672 831 718 868 et
741 821 871 869 idem
889 821 1033 886 paulo
1053 830 1188 886 post,
1217 840 1239 866 «
1265 821 1347 885 qui
1369 819 1508 866 offert
1530 817 1813 866 sacrificium
1830 817 1891 865 de

466 898 727 946 substantia
754 899 1000 964 pauperis,
1032 898 1167 962 quasi
1189 897 1272 962 qui
1292 898 1503 944 victimat
1531 896 1683 944 filium
1707 896 1756 943 in
1779 913 1892 943 con-

466 987 630 1042 spectu
649 977 795 1042 patris
814 977 887 1024 sui
904 1012 916 1036 ,
947 995 970 1021 »
997 975 1078 1041 [et]
1103 996 1126 1019 α
1154 975 1290 1040 panis
1308 974 1548 1038 egentium
1559 974 1656 1022 vita
1672 974 1893 1039 pauperis

465 1065 557 1113 est;
595 1056 679 1118 qui
713 1053 963 1102 defraudat
993 1054 1154 1120 illum,
1195 1053 1346 1101 homo
1383 1053 1623 1116 sanguinis
1652 1062 1747 1112 est,
1783 1072 1807 1098 n
1844 1062 1892 1100 et

470 1154 493 1179 «
521 1134 603 1198 qui
622 1133 773 1181 aufert
795 1133 844 1179 in
868 1122 1042 1180 sudore
1060 1149 1253 1198 panem,
1279 1132 1413 1197 quasi
1433 1131 1518 1196 qui
1538 1130 1712 1182 occidit
1732 1132 1891 1198 proxi-

468 1229 601 1259 mum
635 1229 791 1262 suum.
824 1229 847 1256 »
879 1214 1000 1258 Ecce
1037 1220 1270 1276 quantum
1301 1219 1441 1274 gratae
1471 1219 1519 1256 et
1549 1218 1752 1274 acceptae
1781 1219 1892 1257 sunt

467 1289 527 1336 de
550 1290 717 1354 rapina
734 1299 782 1336 et
806 1288 979 1336 sudore
1001 1305 1268 1354 pauperum
1296 1287 1427 1335 factae
1451 1286 1744 1348 oblationes,
1770 1287 1891 1335 sicut

468 1367 592 1415 illius
615 1368 715 1432 qui,
742 1377 852 1415 ante
872 1378 1074 1433 patrem,
1104 1376 1332 1414 mactaret
1354 1364 1504 1412 filium
1527 1381 1684 1412 suum.

532 1445 665 1492 Tales
703 1456 863 1492 autem
894 1445 1034 1492 fuisse
1073 1443 1338 1491 oblationes
1375 1453 1422 1490 et
1455 1443 1802 1507 eleemosynas,
1831 1441 1891 1489 de

468 1522 549 1570 tali
581 1532 798 1588 acceptas
833 1523 996 1582 lucro,
1027 1521 1170 1585 hujus
1205 1520 1265 1568 de
1298 1537 1396 1584 quo
1428 1519 1571 1567 nobis
1597 1529 1669 1566 est
1703 1509 1887 1580 sermO,

469 1600 626 1647 nullus
661 1611 731 1648 est
765 1601 848 1665 qui
878 1600 1070 1647 nesciat.
1098 1599 1218 1656 Qui¹
1240 1599 1384 1645 etiam
1415 1607 1462 1644 et
1487 1612 1742 1662 pauperes,
1769 1610 1892 1660 quos

468 1677 836 1725 calumniatores
860 1677 930 1724 sui
953 1676 1210 1741 (malorum
1230 1675 1548 1740 auspicatores
1567 1683 1708 1738 atque
1725 1672 1890 1739 explo-

468 1765 665 1811 ratores,
691 1770 835 1819 quos,
871 1754 939 1800 uti
961 1753 1186 1813 diximus,
1211 1767 1297 1817 per
1317 1767 1484 1798 omnes
1502 1751 1634 1813 regni
1653 1749 1725 1797 sui
1747 1764 1892 1812 angu-

469 1831 540 1878 los
572 1848 760 1896 sparsos
797 1830 1037 1894 habebat)
1066 1847 1151 1896 per
1176 1829 1468 1890 calumniam
1490 1828 1619 1876 velut
1641 1827 1700 1874 de
1730 1827 1892 1891 aliquo

468 1926 554 1973 per
597 1925 680 1956 eos
716 1910 935 1972 nequiter
966 1908 1096 1956 dicto
1135 1917 1218 1955 aut
1253 1906 1377 1955 facto
1414 1906 1717 1966 detulissent,
1753 1903 1894 1951 nullo

470 1987 638 2034 ordine
652 1986 906 2050 judiciario
924 1986 1169 2034 convictos
1186 1995 1234 2032 et
1252 1985 1503 2033 damnatos
1519 1983 1581 2031 ad
1601 1999 1747 2030 unam
1765 1981 1895 2030 obla-

470 2066 650 2111 tionem
676 2064 892 2129 pluresve
915 2063 1001 2128 (sic
1020 2064 1148 2111 enim
1172 2064 1323 2128 loqui,
1349 2072 1397 2109 et
1417 2063 1654 2128 appellare
1672 2061 1895 2125 hujusce-

470 2142 604 2188 modi
630 2142 799 2206 impias
822 2143 1113 2189 extorsiones
1139 2142 1302 2188 solitus
1327 2140 1447 2203 erat)
1465 2141 1662 2204 ipsemet
1683 2136 1890 2199 taxabat,

471 2229 517 2266 et
538 2220 743 2285 propriis
765 2219 987 2267 manibus
1011 2219 1293 2286 plerumque
1315 2216 1590 2283 recipiebat,
1613 2233 1700 2264 suo
1722 2214 1896 2262 nihilo-

472 2298 630 2344 minus
675 2298 898 2364 improbo
951 2298 1282 2346 calumniatori
1330 2295 1500 2363 praedae
1547 2295 1768 2360 portione
1823 2310 1898 2341 re-

470 2376 598 2424 licta.

536 2457 618 2502 Hae.
639 2464 774 2501 erant
789 2455 1010 2515 materiae,
1026 2454 1128 2501 haec
1143 2454 1268 2518 juste
1289 2451 1534 2516 acquisita,
1549 2449 1652 2497 haec
1670 2466 1894 2516 compen·

471 2533 552 2580 dia
573 2532 632 2579 de
655 2531 830 2599 quibus
851 2542 923 2580 tot
947 2532 1212 2580 oblationes
1234 2529 1444 2578 Domino
1467 2527 1720 2588 offerebat,
1753 2527 1898 2576 simul

472 2610 615 2657 etiam
635 2609 695 2657 de
717 2610 808 2657 illis
830 2611 960 2658 saevis
984 2621 1126 2674 atque
1147 2607 1499 2656 immanissimis
1526 2605 1758 2668 collectis,
1786 2605 1892 2671 qui-

471 2686 562 2734 bus
596 2686 954 2734 intolerabiliter
988 2695 1264 2750 aggravatos
1292 2683 1509 2732 subditos
1538 2684 1702 2748 inopia
1733 2681 1892 2748 profli-

527 2847 564 2882 1.
601 2845 690 2892 Quae
707 2843 801 2881 dans
820 2843 856 2882 le
875 2856 946 2881 ms.
