<?xml version="1.0" encoding="UTF-8"?>
<!DOCTYPE html PUBLIC "-//W3C//DTD XHTML 1.0 Transitional//EN"
    "http://www.w3.org/TR/xhtml1/DTD/xhtml1-transitional.dtd">
<html xmlns="http://www.w3.org/1999/xhtml" xml:lang="en" lang="en">
 <head>
  <title>
</title>
<meta http-equiv="Content-Type" content="text/html;charset=utf-8" />
  <meta name='ocr-system' content='tesseract 3.04.00' />
  <meta name='ocr-capabilities' content='ocr_page ocr_carea ocr_par ocr_line ocrx_word'/>
</head>
<body>
  <div class='ocr_page' id='page_1' title='image "./histoiredesrgn03basiuoft_0153.png"; bbox 0 0 2060 3392; ppageno 0'>
   <div class='ocr_carea' id='block_1_1' title="bbox 671 232 1558 273">
    <p class='ocr_par' dir='ltr' id='par_1_1' title="bbox 671 232 1558 273">
     <span class='ocr_line' id='line_1_1' title="bbox 671 232 1558 273; baseline 0.005 -4"><span class='ocrx_word' id='word_1_1' title='bbox 671 232 819 269; x_wconf 71' lang='lat' dir='ltr'><strong>mmm</strong></span> <span class='ocrx_word' id='word_1_2' title='bbox 845 233 1046 270; x_wconf 80' lang='lat' dir='ltr'>SEXTUS.</span> <span class='ocrx_word' id='word_1_3' title='bbox 1485 236 1558 273; x_wconf 76' lang='lat'><strong>¹03</strong></span> 
     </span>
    </p>
   </div>
   <div class='ocr_carea' id='block_1_2' title="bbox 577 409 1134 456">
    <p class='ocr_par' dir='ltr' id='par_1_2' title="bbox 577 409 1134 456">
     <span class='ocr_line' id='line_1_2' title="bbox 577 409 1134 456; baseline 0.002 -1"><span class='ocrx_word' id='word_1_4' title='bbox 577 409 786 455; x_wconf 75' lang='lat' dir='ltr'><strong>CAmTU</strong></span> <span class='ocrx_word' id='word_1_5' title='bbox 793 410 916 455; x_wconf 80' lang='lat' dir='ltr'><strong>LUM</strong></span> <span class='ocrx_word' id='word_1_6' title='bbox 948 410 1134 456; x_wconf 83' lang='lat' dir='ltr'><strong>xxvn.</strong></span> 
     </span>
    </p>
   </div>
   <div class='ocr_carea' id='block_1_3' title="bbox 147 542 1565 695">
    <p class='ocr_par' dir='ltr' id='par_1_3' title="bbox 147 542 1565 695">
     <span class='ocr_line' id='line_1_3' title="bbox 147 542 1565 593; baseline -0.006 -10"><span class='ocrx_word' id='word_1_7' title='bbox 147 544 341 593; x_wconf 70' lang='lat' dir='ltr'><strong>Quomodo</strong></span> <span class='ocrx_word' id='word_1_8' title='bbox 355 545 491 580; x_wconf 72' lang='lat' dir='ltr'><strong>ratheri</strong></span> <span class='ocrx_word' id='word_1_9' title='bbox 505 543 900 592; x_wconf 71' lang='lat' dir='ltr'><strong>Trajectensesvianam</strong></span> <span class='ocrx_word' id='word_1_10' title='bbox 915 543 1138 591; x_wconf 85' lang='lat' dir='ltr'><strong>irruperunt3</strong></span> <span class='ocrx_word' id='word_1_11' title='bbox 1153 552 1186 579; x_wconf 84' lang='lat' dir='ltr'><strong>et</strong></span> <span class='ocrx_word' id='word_1_12' title='bbox 1198 542 1243 578; x_wconf 87' lang='lat' dir='ltr'><strong>de</strong></span> <span class='ocrx_word' id='word_1_13' title='bbox 1261 542 1360 579; x_wconf 78' lang='lat' dir='ltr'><strong>clade</strong></span> <span class='ocrx_word' id='word_1_14' title='bbox 1371 542 1565 578; x_wconf 70' lang='lat' dir='ltr'><strong>Amet-sfor-</strong></span> 
     </span>
     <span class='ocr_line' id='line_1_4' title="bbox 195 598 1564 648; baseline -0.004 -11"><span class='ocrx_word' id='word_1_15' title='bbox 195 598 295 637; x_wconf 72' lang='lat' dir='ltr'><strong>demi</strong></span> <span class='ocrx_word' id='word_1_16' title='bbox 306 628 317 645; x_wconf 87' lang='lat'>,</span> <span class='ocrx_word' id='word_1_17' title='bbox 334 609 369 637; x_wconf 78' lang='lat' dir='ltr'><strong>et</strong></span> <span class='ocrx_word' id='word_1_18' title='bbox 382 601 428 636; x_wconf 85' lang='lat' dir='ltr'><strong>de</strong></span> <span class='ocrx_word' id='word_1_19' title='bbox 442 601 549 636; x_wconf 75' lang='lat' dir='ltr'><strong>variis</strong></span> <span class='ocrx_word' id='word_1_20' title='bbox 563 601 799 637; x_wconf 67' lang='lat' dir='ltr'><strong>conventibus</strong></span> <span class='ocrx_word' id='word_1_21' title='bbox 814 599 862 635; x_wconf 84' lang='lat' dir='ltr'><strong>ad</strong></span> <span class='ocrx_word' id='word_1_22' title='bbox 875 599 1102 635; x_wconf 74' lang='lat' dir='ltr'><strong>tractandum</strong></span> <span class='ocrx_word' id='word_1_23' title='bbox 1128 599 1174 635; x_wconf 81' lang='lat' dir='ltr'><strong>de</strong></span> <span class='ocrx_word' id='word_1_24' title='bbox 1188 612 1275 647; x_wconf 78' lang='lat' dir='ltr'><strong>paee</strong></span> <span class='ocrx_word' id='word_1_25' title='bbox 1289 613 1311 635; x_wconf 80' lang='lat' dir='ltr'><strong>a</strong></span> <span class='ocrx_word' id='word_1_26' title='bbox 1327 598 1564 648; x_wconf 75' lang='lat' dir='ltr'><strong>Trajectensi-</strong></span> 
     </span>
     <span class='ocr_line' id='line_1_5' title="bbox 193 656 636 695; baseline -0.009 0"><span class='ocrx_word' id='word_1_27' title='bbox 193 656 264 695; x_wconf 73' lang='lat' dir='ltr'><strong>bu</strong></span> <span class='ocrx_word' id='word_1_28' title='bbox 277 657 494 693; x_wconf 67' lang='lat' dir='ltr'><strong>simulatorie</strong></span> <span class='ocrx_word' id='word_1_29' title='bbox 509 657 596 693; x_wconf 73' lang='lat' dir='ltr'><strong>actis</strong></span> <span class='ocrx_word' id='word_1_30' title='bbox 610 658 636 691; x_wconf 84' lang='lat'><strong>¹.</strong></span> 
     </span>
    </p>
   </div>
   <div class='ocr_carea' id='block_1_4' title="bbox 142 785 1570 2406">
    <p class='ocr_par' dir='ltr' id='par_1_4' title="bbox 142 785 1569 2095">
     <span class='ocr_line' id='line_1_6' title="bbox 208 785 1564 852; baseline -0.004 -16"><span class='ocrx_word' id='word_1_31' title='bbox 208 786 402 837; x_wconf 76' lang='lat' dir='ltr'>Insidiis</span> <span class='ocrx_word' id='word_1_32' title='bbox 430 787 573 835; x_wconf 89' lang='lat' dir='ltr'><strong>etiam</strong></span> <span class='ocrx_word' id='word_1_33' title='bbox 604 797 652 835; x_wconf 89' lang='lat' dir='ltr'><strong>et</strong></span> <span class='ocrx_word' id='word_1_34' title='bbox 688 786 960 852; x_wconf 85' lang='lat' dir='ltr'><strong>proditione</strong></span> <span class='ocrx_word' id='word_1_35' title='bbox 993 786 1262 850; x_wconf 89' lang='lat' dir='ltr'><strong>aliquorum</strong></span> <span class='ocrx_word' id='word_1_36' title='bbox 1293 785 1564 834; x_wconf 85' lang='lat' dir='ltr'><strong>accolarum</strong></span> 
     </span>
     <span class='ocr_line' id='line_1_7' title="bbox 146 862 1564 929; baseline -0.003 -17"><span class='ocrx_word' id='word_1_37' title='bbox 146 863 242 923; x_wconf 74' lang='lat' dir='ltr'><strong>loci</strong></span> <span class='ocrx_word' id='word_1_38' title='bbox 279 863 485 926; x_wconf 89' lang='lat' dir='ltr'><strong>rutheri‚</strong></span> <span class='ocrx_word' id='word_1_39' title='bbox 519 865 603 928; x_wconf 91' lang='lat' dir='ltr'><strong>qui</strong></span> <span class='ocrx_word' id='word_1_40' title='bbox 647 865 698 912; x_wconf 91' lang='lat' dir='ltr'><strong>in</strong></span> <span class='ocrx_word' id='word_1_41' title='bbox 739 865 926 912; x_wconf 86' lang='lat' dir='ltr'><strong>civitate</strong></span> <span class='ocrx_word' id='word_1_42' title='bbox 964 880 1053 929; x_wconf 89' lang='lat' dir='ltr'><strong>pro</strong></span> <span class='ocrx_word' id='word_1_43' title='bbox 1094 862 1311 928; x_wconf 86' lang='lat' dir='ltr'><strong>praesidio</strong></span> <span class='ocrx_word' id='word_1_44' title='bbox 1345 862 1564 910; x_wconf 87' lang='lat' dir='ltr'><strong>collocati</strong></span> 
     </span>
     <span class='ocr_line' id='line_1_8' title="bbox 146 939 1564 1008; baseline -0.003 -18"><span class='ocrx_word' id='word_1_45' title='bbox 146 950 304 1004; x_wconf 71' lang='lat' dir='ltr'><strong>mut,</strong></span> <span class='ocrx_word' id='word_1_46' title='bbox 334 941 622 1008; x_wconf 85' lang='lat' dir='ltr'><strong>oppidulum</strong></span> <span class='ocrx_word' id='word_1_47' title='bbox 643 943 923 1003; x_wconf 79' lang='lat' dir='ltr'><strong>Viennam’,</strong></span> <span class='ocrx_word' id='word_1_48' title='bbox 953 951 1148 1006; x_wconf 86' lang='lat' dir='ltr'><strong>perante</strong></span> <span class='ocrx_word' id='word_1_49' title='bbox 1174 956 1359 1005; x_wconf 83' lang='lat' dir='ltr'><strong>semper</strong></span> <span class='ocrx_word' id='word_1_50' title='bbox 1389 939 1564 988; x_wconf 90' lang='lat' dir='ltr'><strong>civitati</strong></span> 
     </span>
     <span class='ocr_line' id='line_1_9' title="bbox 149 1017 1564 1086; baseline -0.003 -18"><span class='ocrx_word' id='word_1_51' title='bbox 149 1019 359 1076; x_wconf 77' lang='lat' dir='ltr'><strong>amicum</strong></span> <span class='ocrx_word' id='word_1_52' title='bbox 385 1029 435 1067; x_wconf 88' lang='lat' dir='ltr'><strong>et</strong></span> <span class='ocrx_word' id='word_1_53' title='bbox 464 1019 782 1086; x_wconf 67' lang='lat' dir='ltr'><strong>benevolum,</strong></span> <span class='ocrx_word' id='word_1_54' title='bbox 808 1037 866 1067; x_wconf 85' lang='lat' dir='ltr'><strong>ex</strong></span> <span class='ocrx_word' id='word_1_55' title='bbox 887 1035 985 1083; x_wconf 92' lang='lat' dir='ltr'><strong>quo</strong></span> <span class='ocrx_word' id='word_1_56' title='bbox 1007 1018 1117 1066; x_wconf 89' lang='lat' dir='ltr'><strong>loco</strong></span> <span class='ocrx_word' id='word_1_57' title='bbox 1149 1018 1296 1066; x_wconf 89' lang='lat' dir='ltr'><strong>ferme</strong></span> <span class='ocrx_word' id='word_1_58' title='bbox 1332 1017 1436 1065; x_wconf 91' lang='lat' dir='ltr'><strong>solo</strong></span> <span class='ocrx_word' id='word_1_59' title='bbox 1473 1018 1564 1081; x_wconf 85' lang='lat' dir='ltr'><strong>(eo</strong></span> 
     </span>
     <span class='ocr_line' id='line_1_10' title="bbox 147 1095 1565 1163; baseline -0.003 -17"><span class='ocrx_word' id='word_1_60' title='bbox 147 1096 281 1161; x_wconf 83' lang='lat' dir='ltr'><strong>quod</strong></span> <span class='ocrx_word' id='word_1_61' title='bbox 309 1112 396 1163; x_wconf 80' lang='lat' dir='ltr'><strong>per</strong></span> <span class='ocrx_word' id='word_1_62' title='bbox 427 1107 574 1146; x_wconf 86' lang='lat' dir='ltr'><strong>terras</strong></span> <span class='ocrx_word' id='word_1_63' title='bbox 597 1097 734 1145; x_wconf 89' lang='lat' dir='ltr'><strong>ducis</strong></span> <span class='ocrx_word' id='word_1_64' title='bbox 756 1098 943 1145; x_wconf 85' lang='lat' dir='ltr'><strong>Austriae</strong></span> <span class='ocrx_word' id='word_1_65' title='bbox 977 1096 1127 1145; x_wconf 87' lang='lat' dir='ltr'><strong>libera</strong></span> <span class='ocrx_word' id='word_1_66' title='bbox 1149 1095 1351 1144; x_wconf 87' lang='lat' dir='ltr'><strong>haberet</strong></span> <span class='ocrx_word' id='word_1_67' title='bbox 1378 1111 1565 1143; x_wconf 86' lang='lat' dir='ltr'><strong>exerce·</strong></span> 
     </span>
     <span class='ocr_line' id='line_1_11' title="bbox 146 1172 1565 1242; baseline -0.002 -18"><span class='ocrx_word' id='word_1_68' title='bbox 146 1172 646 1241; x_wconf 60' lang='lat' dir='ltr'><strong>retque&#39;commercia)</strong></span> <span class='ocrx_word' id='word_1_69' title='bbox 679 1177 884 1242; x_wconf 87' lang='lat' dir='ltr'><strong>plurima</strong></span> <span class='ocrx_word' id='word_1_70' title='bbox 906 1176 1168 1224; x_wconf 87' lang='lat' dir='ltr'><strong>necessaria</strong></span> <span class='ocrx_word' id='word_1_71' title='bbox 1195 1175 1460 1239; x_wconf 87' lang='lat' dir='ltr'><strong>Trajectum</strong></span> <span class='ocrx_word' id='word_1_72' title='bbox 1481 1174 1565 1222; x_wconf 88' lang='lat' dir='ltr'><strong>ad·</strong></span> 
     </span>
     <span class='ocr_line' id='line_1_12' title="bbox 146 1253 1565 1319; baseline -0.001 -19"><span class='ocrx_word' id='word_1_73' title='bbox 146 1253 459 1313; x_wconf 69' lang='lat' dir='ltr'><strong>vehebantur,</strong></span> <span class='ocrx_word' id='word_1_74' title='bbox 485 1260 634 1302; x_wconf 88' lang='lat' dir='ltr'><strong>noctu</strong></span> <span class='ocrx_word' id='word_1_75' title='bbox 659 1255 932 1319; x_wconf 86' lang='lat' dir='ltr'><strong>irruperunt</strong></span> <span class='ocrx_word' id='word_1_76' title='bbox 944 1256 958 1279; x_wconf 77' lang='lat'><strong>⁸</strong></span> <span class='ocrx_word' id='word_1_77' title='bbox 979 1263 1268 1319; x_wconf 82' lang='lat' dir='ltr'><strong>cooperante</strong></span> <span class='ocrx_word' id='word_1_78' title='bbox 1289 1269 1437 1318; x_wconf 88' lang='lat' dir='ltr'><strong>opera</strong></span> <span class='ocrx_word' id='word_1_79' title='bbox 1456 1269 1565 1318; x_wconf 89' lang='lat' dir='ltr'><strong>pro—</strong></span> 
     </span>
     <span class='ocr_line' id='line_1_13' title="bbox 148 1329 1565 1397; baseline -0.001 -19"><span class='ocrx_word' id='word_1_80' title='bbox 148 1330 380 1392; x_wconf 89' lang='lat' dir='ltr'><strong>ditorum,</strong></span> <span class='ocrx_word' id='word_1_81' title='bbox 431 1331 824 1397; x_wconf 88' lang='lat' dir='ltr'><strong>diripueruntque</strong></span> <span class='ocrx_word' id='word_1_82' title='bbox 881 1342 930 1380; x_wconf 89' lang='lat' dir='ltr'><strong>et</strong></span> <span class='ocrx_word' id='word_1_83' title='bbox 974 1348 1172 1379; x_wconf 91' lang='lat' dir='ltr'><strong>suorum</strong></span> <span class='ocrx_word' id='word_1_84' title='bbox 1216 1347 1364 1379; x_wconf 91' lang='lat' dir='ltr'><strong>manu</strong></span> <span class='ocrx_word' id='word_1_85' title='bbox 1408 1329 1565 1377; x_wconf 87' lang='lat' dir='ltr'><strong>valida</strong></span> 
     </span>
     <span class='ocr_line' id='line_1_14' title="bbox 147 1407 1566 1475; baseline -0.001 -19"><span class='ocrx_word' id='word_1_86' title='bbox 147 1410 592 1471; x_wconf 77' lang='lat' dir='ltr'><strong>communiverunt,</strong></span> <span class='ocrx_word' id='word_1_87' title='bbox 622 1426 899 1475; x_wconf 84' lang='lat' dir='ltr'><strong>quanquam</strong></span> <span class='ocrx_word' id='word_1_88' title='bbox 934 1410 1060 1459; x_wconf 89' lang='lat' dir='ltr'><strong>cives</strong></span> <span class='ocrx_word' id='word_1_89' title='bbox 1092 1410 1187 1458; x_wconf 91' lang='lat' dir='ltr'><strong>loci</strong></span> <span class='ocrx_word' id='word_1_90' title='bbox 1212 1408 1333 1456; x_wconf 89' lang='lat' dir='ltr'><strong>nihil</strong></span> <span class='ocrx_word' id='word_1_91' title='bbox 1363 1407 1425 1455; x_wconf 87' lang='lat' dir='ltr'><strong>de</strong></span> <span class='ocrx_word' id='word_1_92' title='bbox 1455 1411 1566 1455; x_wconf 90' lang='lat' dir='ltr'><strong>Tra-</strong></span> 
     </span>
     <span class='ocr_line' id='line_1_15' title="bbox 142 1485 1567 1553; baseline -0.001 -19"><span class='ocrx_word' id='word_1_93' title='bbox 142 1486 432 1550; x_wconf 80' lang='lat' dir='ltr'><strong>jectensibus</strong></span> <span class='ocrx_word' id='word_1_94' title='bbox 479 1487 649 1535; x_wconf 89' lang='lat' dir='ltr'><strong>hostile</strong></span> <span class='ocrx_word' id='word_1_95' title='bbox 691 1489 1065 1553; x_wconf 87' lang='lat' dir='ltr'><strong>suspicarentur,</strong></span> <span class='ocrx_word' id='word_1_96' title='bbox 1101 1503 1191 1534; x_wconf 88' lang='lat' dir='ltr'><strong>nec</strong></span> <span class='ocrx_word' id='word_1_97' title='bbox 1231 1486 1376 1534; x_wconf 87' lang='lat' dir='ltr'><strong>ullam</strong></span> <span class='ocrx_word' id='word_1_98' title='bbox 1389 1523 1402 1547; x_wconf 92' lang='lat'>‚</span> <span class='ocrx_word' id='word_1_99' title='bbox 1437 1485 1567 1533; x_wconf 83' lang='lat' dir='ltr'><strong>velut</strong></span> 
     </span>
     <span class='ocr_line' id='line_1_16' title="bbox 148 1562 1568 1629; baseline -0.005 -14"><span class='ocrx_word' id='word_1_100' title='bbox 148 1562 268 1615; x_wconf 84' lang='lat' dir='ltr'><strong>nihil</strong></span> <span class='ocrx_word' id='word_1_101' title='bbox 288 1574 574 1624; x_wconf 89' lang='lat' dir='ltr'><strong>metuentes,</strong></span> <span class='ocrx_word' id='word_1_102' title='bbox 601 1574 895 1613; x_wconf 90' lang='lat' dir='ltr'><strong>armatorum</strong></span> <span class='ocrx_word' id='word_1_103' title='bbox 916 1565 1235 1612; x_wconf 79' lang='lat' dir='ltr'><strong>munitionem</strong></span> <span class='ocrx_word' id='word_1_104' title='bbox 1257 1563 1465 1629; x_wconf 85' lang='lat' dir='ltr'><strong>recipere</strong></span> <span class='ocrx_word' id='word_1_105' title='bbox 1486 1578 1568 1609; x_wconf 86' lang='lat' dir='ltr'><strong>vo·</strong></span> 
     </span>
     <span class='ocr_line' id='line_1_17' title="bbox 151 1640 1567 1707; baseline -0.004 -14"><span class='ocrx_word' id='word_1_106' title='bbox 151 1640 346 1693; x_wconf 84' lang='lat' dir='ltr'><strong>luissent</strong></span> <span class='ocrx_word' id='word_1_107' title='bbox 366 1660 378 1687; x_wconf 91' lang='lat'>:</span> <span class='ocrx_word' id='word_1_108' title='bbox 398 1642 457 1689; x_wconf 91' lang='lat' dir='ltr'><strong>de</strong></span> <span class='ocrx_word' id='word_1_109' title='bbox 479 1658 577 1706; x_wconf 92' lang='lat' dir='ltr'><strong>quo</strong></span> <span class='ocrx_word' id='word_1_110' title='bbox 598 1653 758 1690; x_wconf 85' lang='lat' dir='ltr'><strong>tamen</strong></span> <span class='ocrx_word' id='word_1_111' title='bbox 780 1642 841 1690; x_wconf 89' lang='lat' dir='ltr'><strong>ab</strong></span> <span class='ocrx_word' id='word_1_112' title='bbox 867 1642 1088 1690; x_wconf 89' lang='lat' dir='ltr'><strong>utralibet</strong></span> <span class='ocrx_word' id='word_1_113' title='bbox 1106 1641 1313 1707; x_wconf 89' lang='lat' dir='ltr'><strong>partium</strong></span> <span class='ocrx_word' id='word_1_114' title='bbox 1332 1640 1567 1688; x_wconf 87' lang='lat' dir='ltr'><strong>sollicitati</strong></span> 
     </span>
     <span class='ocr_line' id='line_1_18' title="bbox 150 1718 1567 1786; baseline -0.002 -19"><span class='ocrx_word' id='word_1_115' title='bbox 150 1718 335 1769; x_wconf 82' lang='lat' dir='ltr'><strong>fuerant</strong></span> <span class='ocrx_word' id='word_1_116' title='bbox 362 1729 411 1766; x_wconf 88' lang='lat' dir='ltr'><strong>et</strong></span> <span class='ocrx_word' id='word_1_117' title='bbox 435 1721 603 1785; x_wconf 85' lang='lat' dir='ltr'><strong>saepius</strong></span> <span class='ocrx_word' id='word_1_118' title='bbox 622 1721 890 1786; x_wconf 87' lang='lat' dir='ltr'><strong>pertentati.</strong></span> <span class='ocrx_word' id='word_1_119' title='bbox 920 1720 1018 1768; x_wconf 87' lang='lat' dir='ltr'><strong>lllic</strong></span> <span class='ocrx_word' id='word_1_120' title='bbox 1046 1718 1299 1768; x_wconf 81' lang='lat' dir='ltr'><strong>adstabant</strong></span> <span class='ocrx_word' id='word_1_121' title='bbox 1324 1718 1485 1784; x_wconf 89' lang='lat' dir='ltr'><strong>plures</strong></span> <span class='ocrx_word' id='word_1_122' title='bbox 1510 1734 1567 1764; x_wconf 83' lang='lat' dir='ltr'><strong>ex</strong></span> 
     </span>
     <span class='ocr_line' id='line_1_19' title="bbox 149 1795 1567 1862; baseline 0 -19"><span class='ocrx_word' id='word_1_123' title='bbox 149 1795 332 1845; x_wconf 79' lang='lat' dir='ltr'><strong>civibus</strong></span> <span class='ocrx_word' id='word_1_124' title='bbox 351 1798 561 1846; x_wconf 78' lang='lat' dir='ltr'><strong>exititiis⁸</strong></span> <span class='ocrx_word' id='word_1_125' title='bbox 579 1799 800 1860; x_wconf 84' lang='lat' dir='ltr'><strong>civitatis,</strong></span> <span class='ocrx_word' id='word_1_126' title='bbox 823 1798 907 1862; x_wconf 93' lang='lat' dir='ltr'><strong>qui</strong></span> <span class='ocrx_word' id='word_1_127' title='bbox 927 1797 990 1846; x_wconf 95' lang='lat' dir='ltr'><strong>ad</strong></span> <span class='ocrx_word' id='word_1_128' title='bbox 1008 1814 1120 1845; x_wconf 91' lang='lat' dir='ltr'><strong>eum</strong></span> <span class='ocrx_word' id='word_1_129' title='bbox 1134 1797 1319 1858; x_wconf 90' lang='lat' dir='ltr'><strong>locum,</strong></span> <span class='ocrx_word' id='word_1_130' title='bbox 1339 1806 1567 1860; x_wconf 86' lang='lat' dir='ltr'><strong>tanquam</strong></span> 
     </span>
     <span class='ocr_line' id='line_1_20' title="bbox 148 1874 1568 1934; baseline -0.001 -14"><span class='ocrx_word' id='word_1_131' title='bbox 148 1887 370 1921; x_wconf 86' lang='lat' dir='ltr'><strong>securum</strong></span> <span class='ocrx_word' id='word_1_132' title='bbox 405 1883 453 1923; x_wconf 89' lang='lat' dir='ltr'><strong>et</strong></span> <span class='ocrx_word' id='word_1_133' title='bbox 472 1875 773 1934; x_wconf 75' lang='lat' dir='ltr'><strong>neutralem,</strong></span> <span class='ocrx_word' id='word_1_134' title='bbox 810 1891 910 1922; x_wconf 89' lang='lat' dir='ltr'><strong>sese</strong></span> <span class='ocrx_word' id='word_1_135' title='bbox 942 1874 1263 1922; x_wconf 88' lang='lat' dir='ltr'><strong>contulerunt.</strong></span> <span class='ocrx_word' id='word_1_136' title='bbox 1309 1875 1442 1932; x_wconf 90' lang='lat' dir='ltr'><strong>Quos</strong></span> <span class='ocrx_word' id='word_1_137' title='bbox 1482 1890 1568 1920; x_wconf 85' lang='lat' dir='ltr'><strong>ru·-</strong></span> 
     </span>
     <span class='ocr_line' id='line_1_21' title="bbox 148 1948 1569 2018; baseline 0.001 -22"><span class='ocrx_word' id='word_1_138' title='bbox 148 1948 287 2009; x_wconf 83' lang='lat' dir='ltr'><strong>theri,</strong></span> <span class='ocrx_word' id='word_1_139' title='bbox 311 1950 453 1999; x_wconf 89' lang='lat' dir='ltr'><strong>bonis</strong></span> <span class='ocrx_word' id='word_1_140' title='bbox 472 1952 569 2000; x_wconf 91' lang='lat' dir='ltr'><strong>suis</strong></span> <span class='ocrx_word' id='word_1_141' title='bbox 592 1961 758 2000; x_wconf 86' lang='lat' dir='ltr'><strong>exutos</strong></span> <span class='ocrx_word' id='word_1_142' title='bbox 785 1963 832 2000; x_wconf 91' lang='lat' dir='ltr'><strong>et</strong></span> <span class='ocrx_word' id='word_1_143' title='bbox 852 1952 1095 2018; x_wconf 87' lang='lat' dir='ltr'><strong>spoliatos,</strong></span> <span class='ocrx_word' id='word_1_144' title='bbox 1122 1952 1264 2000; x_wconf 88' lang='lat' dir='ltr'><strong>etiam</strong></span> <span class='ocrx_word' id='word_1_145' title='bbox 1285 1950 1348 1999; x_wconf 90' lang='lat' dir='ltr'><strong>ad</strong></span> <span class='ocrx_word' id='word_1_146' title='bbox 1370 1968 1419 1998; x_wconf 90' lang='lat' dir='ltr'><strong>se</strong></span> <span class='ocrx_word' id='word_1_147' title='bbox 1444 1950 1569 1998; x_wconf 88' lang='lat' dir='ltr'><strong>redi-</strong></span> 
     </span>
     <span class='ocr_line' id='line_1_22' title="bbox 145 2027 1431 2095; baseline -0.002 -17"><span class='ocrx_word' id='word_1_148' title='bbox 145 2027 380 2078; x_wconf 79' lang='lat' dir='ltr'><strong>mendum</strong></span> <span class='ocrx_word' id='word_1_149' title='bbox 400 2030 584 2092; x_wconf 85' lang='lat' dir='ltr'><strong>magnis</strong></span> <span class='ocrx_word' id='word_1_150' title='bbox 605 2030 915 2095; x_wconf 88' lang='lat' dir='ltr'><strong>pecuniarum</strong></span> <span class='ocrx_word' id='word_1_151' title='bbox 937 2030 1134 2077; x_wconf 90' lang='lat' dir='ltr'><strong>summis</strong></span> <span class='ocrx_word' id='word_1_152' title='bbox 1155 2029 1431 2093; x_wconf 87' lang='lat' dir='ltr'><strong>adegerunt.</strong></span> 
     </span>
    </p>

    <p class='ocr_par' dir='ltr' id='par_1_5' title="bbox 148 2106 1570 2406">
     <span class='ocr_line' id='line_1_23' title="bbox 170 2106 1568 2171; baseline 0.002 -20"><span class='ocrx_word' id='word_1_153' title='bbox 170 2131 174 2134; x_wconf 89' lang='lat'><em>-</em></span> <span class='ocrx_word' id='word_1_154' title='bbox 216 2106 283 2151; x_wconf 89' lang='lat' dir='ltr'><strong>Ea</strong></span> <span class='ocrx_word' id='word_1_155' title='bbox 303 2121 377 2152; x_wconf 89' lang='lat' dir='ltr'><strong>res</strong></span> <span class='ocrx_word' id='word_1_156' title='bbox 398 2107 608 2170; x_wconf 87' lang='lat' dir='ltr'><strong>primum</strong></span> <span class='ocrx_word' id='word_1_157' title='bbox 642 2124 671 2155; x_wconf 89' lang='lat' dir='ltr'><strong>a</strong></span> <span class='ocrx_word' id='word_1_158' title='bbox 705 2107 948 2156; x_wconf 87' lang='lat' dir='ltr'><strong>nonnullis</strong></span> <span class='ocrx_word' id='word_1_159' title='bbox 977 2106 1379 2171; x_wconf 88' lang='lat' dir='ltr'><strong>Trajectensibus,</strong></span> <span class='ocrx_word' id='word_1_160' title='bbox 1403 2116 1568 2155; x_wconf 88' lang='lat' dir='ltr'><strong>aucto·</strong></span> 
     </span>
     <span class='ocr_line' id='line_1_24' title="bbox 148 2179 1568 2251; baseline 0.003 -23"><span class='ocrx_word' id='word_1_161' title='bbox 148 2179 280 2228; x_wconf 84' lang='lat' dir='ltr'><strong>ribus</strong></span> <span class='ocrx_word' id='word_1_162' title='bbox 320 2192 367 2229; x_wconf 91' lang='lat' dir='ltr'><strong>et</strong></span> <span class='ocrx_word' id='word_1_163' title='bbox 407 2183 670 2231; x_wconf 85' lang='lat' dir='ltr'><strong>fautoribus</strong></span> <span class='ocrx_word' id='word_1_164' title='bbox 705 2184 1000 2246; x_wconf 88' lang='lat' dir='ltr'><strong>rebellionis,</strong></span> <span class='ocrx_word' id='word_1_165' title='bbox 1037 2202 1125 2251; x_wconf 87' lang='lat' dir='ltr'><strong>pro</strong></span> <span class='ocrx_word' id='word_1_166' title='bbox 1170 2185 1291 2232; x_wconf 80' lang='lat' dir='ltr'><strong>felici</strong></span> <span class='ocrx_word' id='word_1_167' title='bbox 1325 2201 1381 2232; x_wconf 90' lang='lat' dir='ltr'><strong>ac</strong></span> <span class='ocrx_word' id='word_1_168' title='bbox 1417 2185 1568 2232; x_wconf 89' lang='lat' dir='ltr'><strong>fausto</strong></span> 
     </span>
     <span class='ocr_line' id='line_1_25' title="bbox 148 2261 1570 2331; baseline 0.005 -26"><span class='ocrx_word' id='word_1_169' title='bbox 148 2269 383 2324; x_wconf 85' lang='lat' dir='ltr'><strong>proventu</strong></span> <span class='ocrx_word' id='word_1_170' title='bbox 414 2261 701 2323; x_wconf 89' lang='lat' dir='ltr'><strong>ducebatur;</strong></span> <span class='ocrx_word' id='word_1_171' title='bbox 733 2263 815 2310; x_wconf 90' lang='lat' dir='ltr'><strong>sed</strong></span> <span class='ocrx_word' id='word_1_172' title='bbox 847 2264 1061 2330; x_wconf 84' lang='lat' dir='ltr'><strong>profecto</strong></span> <span class='ocrx_word' id='word_1_173' title='bbox 1091 2281 1121 2312; x_wconf 91' lang='lat' dir='ltr'><strong>a</strong></span> <span class='ocrx_word' id='word_1_174' title='bbox 1149 2264 1419 2331; x_wconf 86' lang='lat' dir='ltr'><strong>quibusque</strong></span> <span class='ocrx_word' id='word_1_175' title='bbox 1448 2265 1570 2330; x_wconf 89' lang='lat' dir='ltr'><strong>peri-</strong></span> 
     </span>
     <span class='ocr_line' id='line_1_26' title="bbox 148 2334 1569 2406; baseline 0.005 -24"><span class='ocrx_word' id='word_1_176' title='bbox 148 2334 348 2384; x_wconf 86' lang='lat' dir='ltr'><strong>tioribus</strong></span> <span class='ocrx_word' id='word_1_177' title='bbox 383 2354 541 2388; x_wconf 87' lang='lat' dir='ltr'><strong>rerum</strong></span> <span class='ocrx_word' id='word_1_178' title='bbox 589 2340 951 2389; x_wconf 79' lang='lat' dir='ltr'><strong>aestimatoribus</strong></span> <span class='ocrx_word' id='word_1_179' title='bbox 988 2341 1146 2389; x_wconf 84' lang='lat' dir='ltr'><strong>infelix</strong></span> <span class='ocrx_word' id='word_1_180' title='bbox 1189 2352 1238 2389; x_wconf 88' lang='lat' dir='ltr'><strong>et</strong></span> <span class='ocrx_word' id='word_1_181' title='bbox 1275 2342 1569 2406; x_wconf 86' lang='lat' dir='ltr'><strong>iniquissima</strong></span> 
     </span>
    </p>
   </div>
   <div class='ocr_carea' id='block_1_5' title="bbox 146 2489 1566 2599">
    <p class='ocr_par' dir='ltr' id='par_1_6' title="bbox 146 2489 1566 2599">
     <span class='ocr_line' id='line_1_27' title="bbox 204 2489 1566 2543; baseline 0.004 -16"><span class='ocrx_word' id='word_1_182' title='bbox 204 2490 242 2527; x_wconf 79' lang='lat'><strong>1.</strong></span> <span class='ocrx_word' id='word_1_183' title='bbox 272 2489 451 2542; x_wconf 79' lang='lat' dir='ltr'><strong>Chapitre</strong></span> <span class='ocrx_word' id='word_1_184' title='bbox 470 2491 600 2543; x_wconf 77' lang='lat' dir='ltr'><strong>publie</strong></span> <span class='ocrx_word' id='word_1_185' title='bbox 617 2493 712 2532; x_wconf 79' lang='lat' dir='ltr'><strong>dans</strong></span> <span class='ocrx_word' id='word_1_186' title='bbox 730 2494 785 2533; x_wconf 87' lang='lat' dir='ltr'><strong>les</strong></span> <span class='ocrx_word' id='word_1_187' title='bbox 802 2498 986 2533; x_wconf 80' lang='lat' dir='ltr'><strong>Analecta</strong></span> <span class='ocrx_word' id='word_1_188' title='bbox 1004 2495 1052 2533; x_wconf 86' lang='lat' dir='ltr'><strong>de</strong></span> <span class='ocrx_word' id='word_1_189' title='bbox 1062 2495 1261 2535; x_wconf 73' lang='lat' dir='ltr'><strong>Matthaeus</strong></span> <span class='ocrx_word' id='word_1_190' title='bbox 1280 2504 1318 2534; x_wconf 77' lang='lat' dir='ltr'><strong>et</strong></span> <span class='ocrx_word' id='word_1_191' title='bbox 1337 2496 1432 2534; x_wconf 83' lang='lat' dir='ltr'><strong>dans</strong></span> <span class='ocrx_word' id='word_1_192' title='bbox 1450 2495 1566 2533; x_wconf 81' lang='lat' dir='ltr'><strong>l‘Am·</strong></span> 
     </span>
     <span class='ocr_line' id='line_1_28' title="bbox 146 2552 512 2599; baseline 0.008 -10"><span class='ocrx_word' id='word_1_193' title='bbox 146 2552 317 2599; x_wconf 76' lang='lat' dir='ltr'><strong>plissima</strong></span> <span class='ocrx_word' id='word_1_194' title='bbox 333 2556 512 2593; x_wconf 75' lang='lat' dir='ltr'><strong>collectio.</strong></span> 
     </span>
    </p>
   </div>
   <div class='ocr_carea' id='block_1_6' title="bbox 203 2613 652 2781">
    <p class='ocr_par' dir='ltr' id='par_1_7' title="bbox 203 2613 652 2781">
     <span class='ocr_line' id='line_1_29' title="bbox 203 2613 429 2656; baseline 0.027 -7"><span class='ocrx_word' id='word_1_195' title='bbox 203 2613 242 2651; x_wconf 78' lang='lat'><strong>2.</strong></span> <span class='ocrx_word' id='word_1_196' title='bbox 272 2614 429 2656; x_wconf 83' lang='lat' dir='ltr'><strong>Vianen.</strong></span> 
     </span>
     <span class='ocr_line' id='line_1_30' title="bbox 206 2676 581 2717; baseline 0.013 -5"><span class='ocrx_word' id='word_1_197' title='bbox 206 2676 244 2713; x_wconf 83' lang='grc'><strong>3.</strong></span> <span class='ocrx_word' id='word_1_198' title='bbox 276 2678 323 2713; x_wconf 67' lang='grc'><strong>17</strong></span> <span class='ocrx_word' id='word_1_199' title='bbox 343 2689 443 2715; x_wconf 73' lang='lat' dir='ltr'><strong>mars</strong></span> <span class='ocrx_word' id='word_1_200' title='bbox 464 2680 581 2717; x_wconf 68' lang='lat'><strong>1482.</strong></span> 
     </span>
     <span class='ocr_line' id='line_1_31' title="bbox 208 2737 652 2781; baseline 0.014 -8"><span class='ocrx_word' id='word_1_201' title='bbox 208 2738 244 2773; x_wconf 66' lang='lat' dir='ltr'><strong>ln.</strong></span> <span class='ocrx_word' id='word_1_202' title='bbox 276 2737 411 2776; x_wconf 78' lang='lat' dir='ltr'><strong>Matth.</strong></span> <span class='ocrx_word' id='word_1_203' title='bbox 431 2741 652 2781; x_wconf 66' lang='lat' dir='ltr'><strong>adn-duciis.</strong></span> 
     </span>
    </p>
   </div>
  </div>
 </body>
</html>
