2060 3392
461 226 463 230 '
490 235 542 273 ει.
854 227 1194 268 fllsronrARUM
1223 225 1460 277 Lunovlcr
1486 226 1544 263 x1

488 324 578 371 tuit
600 323 742 371 etiam
779 320 931 367 dictus
956 318 1180 371 dominus
1197 314 1257 362 de
1285 318 1461 371 Craon,
1490 315 1611 360 inter
1634 313 1781 362 duces
1822 314 1906 362 mi-

489 401 596 448 litiae
639 399 761 463 regis
812 395 1102 462 principaliS,
1151 392 1402 440 obsidione
1451 391 1626 439 vallare
1671 391 1902 457 oppidum

489 479 735 536 Dolense¹‚
760 484 839 534 ut,
869 489 928 520 eo
959 470 1247 534 conquisito,
1289 469 1612 516 Bisuntionem
1639 478 1685 515 et
1709 479 1900 529 caetera,

487 572 591 621 quae
607 554 668 602 de
686 552 837 618 patria
857 548 1098 596 restabant
1111 584 1124 608 ‚
1166 547 1345 596 facilius
1364 545 1453 593 sibi
1471 545 1702 609 subjicere
1724 556 1899 612 posset.

488 636 635 679 Porro
656 645 788 690 cum,
815 627 978 675 castris
993 626 1119 673 circa
1135 624 1262 672 idem
1282 623 1515 689 oppidum
1538 623 1721 688 positis,
1742 623 1792 670 in
1803 623 1905 688 qui-

486 709 578 756 bus
601 708 706 772 plus
727 720 872 770 quam
895 719 960 750 x11
978 702 1126 749 millia
1146 701 1432 749 bellatorum
1454 699 1582 747 idern
1603 700 1828 748 dominus
1843 701 1904 748 de

489 787 646 833 Craon
667 797 939 847 aggregasse
957 778 1213 838 ferebatur,
1242 777 1497 844 oppidani'
1521 777 1648 841 gravi
1671 774 1904 825 constrin-

484 871 704 926 gerentur
737 859 920 918 inedia‚
947 874 1006 905 eo
1043 856 1175 921 quod
1198 856 1456 903 multarum
1495 870 1655 901 rerum
1692 847 1904 902 humano

483 939 589 986 usui
610 937 979 985 necessariarum
999 933 1249 1000 penuriam
1266 941 1555 998 paterentur,
1582 932 1903 979 necessitatem

483 1032 618 1063 suam
630 1014 824 1080 praefato
836 1013 1035 1061 domino
1047 1012 1106 1058 de
1120 1010 1319 1076 Argueil
1326 1019 1373 1057 et
1384 1009 1561 1057 caeteris
1573 1008 1901 1069 innotuerunt,

482 1109 603 1157 quos
617 1091 706 1140 sibi
721 1090 1008 1147 defensionis
1016 1088 1285 1155 praesidium
1296 1087 1461 1134 afferre
1471 1102 1609 1152 posse
1619 1085 1900 1134 sentiebant.

550 1173 607 1217 Et
632 1170 758 1217 fama
801 1167 994 1233 quidem
1017 1165 1208 1232 publice
1242 1165 1352 1224 suit,
1381 1181 1438 1211 ex
1468 1163 1659 1210 duobus
1698 1163 1900 1222 nuntiis,

482 1262 605 1310 quos
629 1245 880 1294 obsessiad
897 1242 1257 1310 procurandum
1282 1258 1559 1289 succursum
1581 1240 1874 1288 destinarant
1888 1277 1900 1301 ,

483 1325 683 1372 alterum
714 1323 777 1371 ad
814 1339 983 1370 manus
1009 1321 1187 1387 praefati
1206 1320 1390 1367 domini
1413 1319 1473 1366 de
1499 1320 1685 1378 Graan,
1711 1327 1903 1383 captum

482 1402 544 1449 ab
564 1400 919 1450 excubitoribus
938 1408 1200 1447 castrorum
1218 1435 1230 1459 ‚
1258 1397 1500 1445 devenisse
1515 1416 1528 1458 3
1548 1412 1635 1461 per
1652 1412 1796 1460 quem
1814 1394 1903 1443 sibi

482 1479 690 1527 innotuit
723 1478 782 1526 de
804 1477 881 1525 die
922 1486 968 1523 et
998 1476 1126 1523 horav
1141 1475 1411 1538 caeterisque
1453 1473 1515 1520 ad
1537 1489 1640 1520 rem
1662 1473 1904 1538 pertinen-

480 1555 626 1617 tibus,
642 1555 817 1620 quibus
829 1554 918 1620 ipsi
933 1553 1111 1601 obsessi
1124 1568 1372 1600 succursus
1381 1549 1747 1598 subventionem
1762 1558 1904 1614 atque

483 1634 649 1681 solatia
665 1632 728 1681 ab
751 1630 1112 1680 auxiliatoribus
1135 1630 1351 1694 accipere
1382 1638 1524 1692 atque
1545 1636 1838 1692 exspectare,
1859 1637 1907 1674 et

482 1712 585 1759 vice
608 1727 743 1759 versa
756 1727 899 1776 opem
916 1709 1096 1757 eisdem
1115 1709 1228 1774 ipsis
1253 1707 1547 1755 auxiliaturis
1569 1706 1903 1753 ferreinvicem

482 1788 811 1836 condixerant.
838 1787 1024 1846 Quibus
1047 1786 1358 1834 nihilominus
1373 1783 1763 1845 advenientibus,
1792 1800 1904 1831 cum

483 1867 686 1928 obsessi,
702 1866 838 1930 juxta
849 1865 1121 1913 condictam
1138 1864 1311 1911 horam
1328 1899 1340 1922 ‚
1364 1861 1574 1909 studiose
1584 1877 1640 1908 ac
1659 1859 1905 1924 vigilanter

484 1944 793 1991 observarent
820 1958 916 2007 qua
936 1943 1003 1990 eis
1025 1958 1169 2007 opem
1195 1940 1337 1988 laturi
1358 1939 1614 1987 adventare
1636 1936 1899 1997 debebant,

483 2037 583 2068 non
607 2020 860 2068 defuerunt
872 2020 934 2068 ad
948 2020 1220 2067 condictam
1238 2018 1409 2065 horam
1431 2027 1478 2064 et
1498 2016 1661 2063 locum
1681 2015 1771 2081 ipsi
1792 2017 1904 2062 Bur-

484 2096 751 2159 gundiones
765 2114 875 2144 cum
891 2096 1067 2144 caeteris
1080 2095 1368 2142 Suitensium
1385 2093 1551 2158 copiis.
1569 2094 1626 2138 Et
1638 2092 1749 2138 licet
1762 2093 1902 2156 pauci

482 2190 703 2236 numero,
716 2173 1039 2221 obsidentium
1045 2171 1420 2237 comparatione,
1432 2170 1722 2230 exsisterent,
1737 2187 1758 2213 ι(
1772 2168 1851 2216 bel
1858 2170 1902 2217 lo

485 2269 508 2293 α
534 2259 693 2298 tamen
731 2251 892 2298 vivida
914 2250 1079 2307 virtus,
1106 2270 1128 2292 »
1158 2249 1248 2314 ipsi
1280 2247 1505 2295 audacter
1534 2256 1582 2293 et
1620 2245 1833 2310 animose
1851 2247 1900 2293 in

483 2331 689 2376 Francos
711 2329 975 2390 irruerunt,
998 2345 1055 2376 ex
1071 2328 1162 2376 alia
1186 2336 1320 2392 parte
1344 2326 1487 2373 etiam
1502 2341 1603 2371 non
1625 2323 1902 2371 feriantibus

483 2405 702 2467 obsessis,
723 2407 807 2471 qui
829 2424 856 2454 e
879 2407 980 2454 suis
997 2406 1146 2471 portis
1165 2402 1601 2470 erumpentem-suis
1623 2401 1806 2449 auxiliis
1824 2417 1902 2448 oc-

480 2495 748 2532 currerunt.
773 2485 888 2550 Ipsis
922 2485 1081 2547 itaq'ue
1104 2500 1215 2530 cum
1238 2482 1398 2530 valido
1421 2481 1601 2546 impetu
1622 2479 1748 2526 ultro
1764 2479 1902 2526 citro-

479 2578 573 2627 que
592 2557 953 2610 imminentibus
971 2565 1264 2609 Francorum
1288 2560 1455 2625 copiis,
1475 2574 1700 2622 magnam
1719 2556 1901 2621 deipsis

534 2679 572 2715 1.
604 2677 716 2715 Dole.

532 2744 570 2780 Ξ.
605 2743 874 2793 Oppidanique
892 2741 987 2780 dans
1005 2741 1042 2779 le
1061 2739 1283 2778 manuscrit.
