2060 3392
396 302 472 340 138
759 305 1101 343 HISTORIARUM
1126 305 1363 345 Lunovlcl
1387 307 1445 344 XI

393 407 541 455 regno
563 392 840 442 deturbatos
873 392 1037 455 fuisse,
1065 410 1177 442 cum
1205 393 1468 443 referantur
1488 412 1639 460 usque
1664 397 1728 446 ad
1743 400 1811 448 vi·

393 469 510 532 ginti
544 469 692 532 duos,
732 470 909 519 talibus
953 471 1238 520 factionibus
1267 482 1315 520 et
1345 471 1528 521 obortis
1559 485 1726 524 contra
1760 486 1826 524 se‘

391 548 687 614 perfidorum
721 546 1060 611 simultatibus,
1101 550 1242 599 fuisse
1274 551 1471 599 occisos.
1512 552 1656 610 Quod
1688 554 1727 600 si
1758 554 1808 602 in

391 627 603 691 regibus,
630 638 676 675 et
694 630 777 692 qui
799 629 985 693 imperii
1008 629 1197 676 culmen
1221 630 1321 692 jam
1344 629 1593 691 tenebant,
1618 630 1669 678 id
1685 619 1830 680 effici¹

390 707 566 771 potuit,
590 707 741 754 multo
766 707 948 755 facilius
969 708 1019 755 in
1041 708 1116 756 his
1144 708 1496 773 impuberibus,
1523 710 1607 774 qui
1628 709 1808 758 nedum

389 783 651 848 quidquam
685 785 873 850 imperii
900 801 989 833 nec
1015 802 1169 834 annos
1196 786 1493 835 discretionis
1525 788 1803 851 attigerunt,

388 860 437 907 id
465 860 650 909 admitti
673 879 812 928 posse
836 862 1106 928 putandum
1130 873 1225 923 est;
1250 863 1425 927 quibus
1455 864 1586 913 nulla
1611 881 1805 930 prorsus

386 947 458 986 est
494 938 775 989 obluctandi
813 957 894 990 seu
933 941 1178 989 resistendi
1220 941 1431 990 facultas.
1467 945 1636 990 Vetere
1674 944 1804 990 enim

385 1013 672 1078 proverbio:
699 1035 722 1058 «
749 1017 963 1079 Regnum
986 1031 1086 1064 non
1111 1018 1238 1082 capit
1255 1017 1396 1079 duos,
1421 1027 1469 1064 et
1494 1017 1625 1066 nulla
1643 1027 1804 1066 sancta

385 1101 455 1139 est
477 1093 611 1156 regni
629 1093 827 1141 societas
844 1110 1000 1157 neque
1022 1093 1162 1153 fides3
1184 1114 1208 1139 »
1228 1105 1275 1141 et
1293 1096 1431 1157 item,
1457 1113 1480 1140 «
1502 1111 1602 1142 non
1618 1095 1806 1160 patiun-

386 1179 462 1215 tur
484 1171 667 1218 socium
683 1186 884 1235 regnum
899 1181 946 1218 et
966 1171 1313 1219 taedae.»·1Jnde
1337 1172 1479 1219 etiam
1492 1171 1802 1237 postmodum

384 1262 474 1310 pro
501 1264 616 1296 vero
650 1259 698 1296 et
731 1249 1004 1297 indubitato
1039 1250 1286 1313 cognitum
1315 1259 1410 1310 est,
1438 1249 1572 1314 quod
1603 1248 1667 1296 ab
1697 1249 1802 1314 ipso

384 1323 534 1388 impio
555 1325 791 1389 parricida
813 1326 904 1391 ipsi
921 1326 1056 1391 pueri
1071 1326 1186 1390 regii
1203 1363 1215 1387 ,
1237 1335 1434 1390 nepotes
1453 1326 1525 1373 sui
1538 1362 1552 1387 ,
1569 1341 1653 1372 seu
1669 1325 1802 1389 jussu

383 1401 531 1466 ipsius
554 1404 787 1468 perempti
808 1404 1120 1468 exstinctique
1139 1404 1330 1451 fuerunt
1345 1407 1373 1449 ¹.

451 1479 606 1527 Rebus
628 1481 769 1544 igitur
794 1482 860 1528 ita
882 1482 933 1528 in
971 1482 1132 1544 Anglia
1164 1480 1578 1546 procurrentibus,
1605 1481 1701 1528 illic
1724 1482 1809 1528 Ri-

382 1556 554 1618 cardo,
596 1558 746 1605 modo
786 1575 930 1622 quem
961 1559 1255 1613 narravimus
1270 1596 1283 1619 ,
1318 1574 1518 1621 regnum
1557 1568 1795 1620 assecuto,

381 1634 607 1682 manebat
627 1636 895 1683 Ludovicus
930 1640 1222 1685 Francorum
1242 1652 1322 1683 rex
1348 1651 1459 1683 cum
1486 1636 1798 1684 illustrissimo

381 1713 702 1760 Maximiliano
725 1723 772 1760 et
793 1714 928 1760 terris
949 1714 1045 1761 suis
1077 1714 1127 1760 in
1149 1729 1283 1778 pace.

444 1791 760 1854 Trajectenses
797 1807 935 1853 vero,
986 1807 1070 1856 spe
1106 1807 1253 1855 quam
1295 1791 1344 1837 in
1394 1790 1495 1854 ejus
1533 1789 1801 1838 habuerant

379 1868 555 1915 auxilio
589 1868 824 1931 destituti,
854 1868 1108 1917 trahebant
1132 1869 1355 1916 miseram
1382 1868 1530 1915 vitam
1562 1869 1614 1915 in
1650 1867 1800 1916 multa

379 1947 580 2011 penuria
606 1956 654 1993 et
681 1947 866 1994 caristia
888 1947 1164 1994 victualium
1180 1982 1192 2006 ‚
1215 1956 1381 2011 utpote
1400 1945 1461 1993 ab
1479 1934 1699 1993 hostibus
1713 1946 1801 1993 cir-

379 2039 682 2088 cumquaque
710 2024 912 2084 obsessi,
939 2041 1039 2072 uno
1069 2035 1231 2072 tamen
1264 2023 1442 2087 angulo
1472 2023 1637 2070 relicto
1667 2022 1798 2070 unde

379 2100 441 2147 ad
462 2117 544 2149 eos
560 2137 572 2161 ,
597 2118 687 2149 nec
711 2103 811 2149 sine
827 2119 1000 2165 magna
1016 2104 1221 2150 militum
1240 2112 1287 2149 et
1308 2111 1602 2149 armatorum
1621 2101 1797 2148 civium

379 2179 704 2242 multitudine,
741 2197 937 2228 annona
974 2181 1146 2229 advehi
1179 2190 1355 2245 posset.
1398 2179 1467 2227 Ad
1500 2179 1636 2242 quod
1676 2195 1798 2243 opus

378 2275 499 2323 saepe
524 2259 682 2305 miseri
706 2260 857 2320 cives,
884 2259 1105 2322 quotiens
1133 2258 1346 2322 tyrannis
1368 2257 1463 2304 suis
1481 2256 1792 2315 collibuisset,

360 2335 467 2395 ,sub
505 2337 612 2383 vitae
642 2336 878 2401 periculo,
920 2336 1049 2383 velut
1085 2335 1198 2384 vilia
1229 2335 1446 2398 jumenta
1484 2334 1558 2380 vel
1593 2339 1792 2407 peq'ora,

378 2414 504 2461 exire
533 2414 845 2479 cogebantur.
876 2416 910 2459 A
947 2413 1122 2479 quibus
1152 2429 1263 2460 cum
1300 2421 1602 2476 compertum
1637 2410 1798 2459 fuisset

375 2492 684 2558 quamplures
714 2508 772 2539 ex
803 2492 893 2551 eis,
922 2492 1005 2556 qui
1030 2491 1098 2538 sic
1124 2489 1342 2549 exibant,
1367 2489 1564 2536 minime
1592 2488 1656 2536 ad
1680 2489 1795 2536 civi-

428 2631 468 2668 1.
501 2630 607 2668 Cette
628 2628 769 2681 phrase
792 2637 850 2667 est
874 2641 951 2667 une
970 2628 1141 2667 addition
1158 2627 1410 2680 poster-ieme,
1430 2626 1595 2678 puisque
1607 2655 1619 2674 ,
1640 2626 1736 2665 dans
1762 2626 1797 2670 le

375 2691 616 2745 paragraphe
648 2691 880 2743 precedent,
912 2691 1075 2729 l‘auteur
1102 2704 1124 2729 a
1155 2691 1210 2729 dit
1235 2690 1354 2741 qu’on
1378 2702 1429 2727 ne
1454 2689 1575 2727 savait
1598 2702 1667 2741 pas
1692 2689 1722 2726 si
1742 2689 1796 2726 les

375 2756 526 2795 enfants
553 2749 772 2793 d’Edouard
797 2754 967 2800 vivaient
984 2766 1137 2792 encore.
1162 2757 1215 2792 Le
1230 2753 1321 2801 jour
1340 2760 1377 2790 et
1395 2752 1431 2790 la
1450 2751 1620 2789 maniere
1640 2751 1733 2790 dont
1749 2751 1795 2788 ils

375 2818 544 2871 perirent
562 2825 649 2856 sont
666 2817 858 2855 d’ailleurs
880 2817 998 2855 restes
1016 2830 1069 2855 un
1089 2816 1255 2866 mystere
1270 2813 1562 2866 impenetrable.
1605 2822 1609 2826 ’
