2060 3392
438 232 441 236 “
502 244 551 280 88
863 239 1202 276 HISTORIARUM
1230 238 1467 275 Lunov101
1493 239 1530 274 x

502 346 609 376 rum
646 343 842 375 manum
879 325 1138 376 adsciscere
1171 335 1219 372 et
1252 325 1573 393 intromittere·
1597 336 1811 391 possent,
1845 326 1912 374 ef-

501 406 645 453 fracta
668 405 748 452 illa
775 412 912 469 porta
945 402 1143 450 civitatis
1157 438 1170 463 ,
1205 418 1355 468 prope
1383 418 1530 467 quam
1551 401 1824 464 adstabant,
1849 403 1911 450 ad

499 482 724 530 eumdem
747 480 809 528 ad
831 490 1036 527 castrum
1057 479 1117 527 de
1134 482 1204 525 W
1199 479 1293 542 z'clr,
1317 479 1401 527 ubi
1418 478 1728 541 consistebat,
1750 497 1911 528 curso·

499 576 572 606 res
594 558 964 622 destinaverunt.
995 559 1053 603 Et
1074 557 1174 621 ipse
1198 556 1391 620 quidem
1405 593 1417 617 ,
1441 566 1493 602 ut
1515 566 1631 603 tunc
1656 555 1908 619 ferebatur,

499 635 623 682 celer
651 649 896 681 accurrere
927 642 974 680 et
1001 632 1095 679 suis
1125 626 1387 680 fautoribus
1418 648 1558 697 opem
1593 632 1712 679 ferre
1742 649 1913 699 prope-

501 728 624 772 rans,
663 710 723 758 ad
756 709 969 757 medium
1003 725 1172 772 usque,
1207 709 1331 756 inter
1361 713 1430 756 W
1429 709 1500 756 ick
1537 718 1584 756 et
1618 709 1907 773 Trajectum,

499 772 728 852 pervenit.
750 773 843 833 Sed
859 801 968 832 cum
988 785 1211 833 dominus
1229 784 1290 832 de
1309 785 1582 832 Monteforti
1598 795 1646 832 et
1661 785 1743 849 qui
1757 785 1910 833 eidem

496 863 770 924 adstabant,
795 862 1057 928 periculum
1084 862 1443 923 intellexissent,
1468 872 1515 909 et
1544 862 1677 926 quod
1692 899 1705 924 ,
1740 861 1803 910 ad
1836 862 1913 910 in-

496 939 846 1004 troducendum
884 940 1101 986 inimicos
1137 955 1249 986 suos
1289 940 1337 986 in
1368 939 1628 1001 civitatem,
1668 949 1818 1004 portae
1845 940 1911 987 es·

498 1018 678 1079 fractae,
704 1022 877 1082 apertae
907 1026 1124 1081 paterent
1138 1054 1151 1077 ,
1180 1016 1243 1063 ad
1271 1015 1568 1064 obviandum
1588 1017 1800 1082 periculo
1830 1033 1912 1064 ex-

497 1095 675 1160 templo
697 1094 948 1142 consilium
979 1094 1178 1159 accepit.
1205 1096 1323 1141 Nam
1351 1094 1547 1159 stipatus
1572 1094 1774 1142 rutheris
1801 1094 1907 1155 illis,

497 1188 620 1236 quos
655 1181 877 1236 perante,
919 1171 988 1218 uti
1010 1170 1240 1231 diximus,
1271 1171 1320 1217 in
1350 1170 1590 1218 civitatem
1612 1170 1674 1223 ad
1705 1187 1755 1218 se
1777 1187 1910 1219 com-

496 1248 811 1296 muniendum
839 1249 1106 1310 invexerat,
1135 1257 1276 1312 atque
1308 1248 1413 1296 aliis
1441 1247 1718 1296 satellitibus
1739 1249 1823 1313 qui
1849 1248 1911 1296 ad

495 1344 543 1374 se
569 1327 922 1392 confluxerant,
943 1327 1066 1374 inter
1087 1343 1209 1390 quos
1229 1336 1331 1374 erat
1351 1326 1481 1374 velut
1499 1326 1764 1391 praecipuus
1788 1343 1912 1374 unus

488 1404 675 1468 juvenis
710 1396 1050 1452 audacissimus
1063 1441 1075 1465 ,
1112 1404 1341 1451 Henricus
1381 1404 1440 1451 de
1469 1403 1733 1464 Nz‘evelde',
1767 1404 1912 1470 ipsius

493 1482 676 1529 domini
780 1482 1052 1531 Monteforti
1075 1483 1251 1530 sororis
1276 1482 1401 1530 filius
1416 1519 1429 1543 ,
1456 1499 1482 1529 e
1505 1483 1661 1547 platea
1683 1483 1907 1544 civitatis,

494 1575 682 1624 praeeun
708 1616 710 1619 v
759 1559 960 1621 vexillo,
995 1575 1156 1607 versus
1185 1570 1374 1625 portam
1403 1576 1555 1625 prope
1585 1554 1729 1624 quam
1757 1560 1910 1607 adsta-

493 1637 611 1684 bant
634 1626 913 1697 adversarii,
950 1637 1213 1684 contendit.
1251 1636 1342 1684 Ubi
1366 1654 1477 1684 cum
1508 1638 1558 1684 in
1589 1654 1672 1684 eos
1693 1636 1910 1684 adversa·

495 1714 589 1760 rios
602 1712 946 1760 bombardulas
953 1713 1167 1776 jacerent
1181 1724 1227 1761 et
1242 1715 1331 1762 alia
1344 1714 1554 1775 missilia,
1569 1714 1911 1779 paululumque

492 1789 746 1838 adversarii
768 1788 1326 1852 obsistereconarentur,
1353 1789 1504 1838 tribus
1528 1800 1610 1838 aut
1628 1800 1833 1855 quatuor
1853 1807 1910 1837 ex

492 1867 604 1933 ipsis
626 1866 687 1914 de
709 1867 846 1914 dictis
867 1867 1122 1915 missilibus
1144 1877 1192 1915 et
1209 1868 1377 1932 jaculis
1394 1868 1467 1915 vel
1495 1868 1689 1928 occisis,
1711 1856 1788 1916 vel
1803 1884 1910 1916 sau-

494 1943 594 2004 ciis,
612 1944 793 2008 reliqua
807 1943 1064 1991 multitudo
1076 1953 1208 2008 terga
1222 1944 1369 1992 dedit.
1388 1948 1522 2003 Quos
1537 1944 1791 1993 adversarii
1805 1960 1912 2010 per-

495 2031 760 2084 sequentes,
781 2021 1007 2069 excedere
1022 2021 1209 2069 civitate
1228 2039 1314 2088 per
1328 2032 1517 2088 portam
1527 2060 1541 2083 ,
1561 2038 1706 2085 quam
1721 2021 1911 2085 effrege-

491 2109 624 2161 rant,
644 2109 902 2163 coegerunt
917 2119 928 2159 ;
945 2110 992 2147 et
1004 2099 1246 2147 effractam
1270 2110 1482 2166 portam,
1510 2117 1570 2148 ne
1591 2101 1664 2148 vel
1685 2099 1808 2158 aliis,
1835 2100 1906 2147 vel

495 2176 607 2240 ipsis
633 2176 789 2224 aditus
811 2193 897 2242 per
927 2192 1033 2224 eam
1057 2186 1239 2242 pateret
1266 2177 1328 2225 ad
1351 2177 1588 2225 civitatem
1601 2213 1614 2238 ,
1642 2176 1797 2224 statim
1820 2175 1908 2224 ob-

488 2263 704 2301 serarunt
725 2263 773 2301 et
799 2254 1090 2302 muniertmt.
1119 2257 1394 2319 Eorumque
1410 2291 1422 2314 ,
1457 2255 1540 2319 qui
1563 2255 1629 2302 sic
1663 2255 1909 2302 exiverunt

488 2341 534 2378 et
567 2347 652 2396 per
690 2331 848 2395 fugam
881 2348 976 2379 suae
1008 2332 1146 2380 saluti
1187 2333 1550 2394 consuluerunt,
1588 2349 1814 2380 numerus
1844 2333 1907 2381 ad

488 2408 774 2472 quingentos
797 2425 947 2473 usque
965 2425 1020 2456 ex
1046 2410 1484 2457 honorabilioribus
1503 2410 1685 2458 civibus
1709 2421 1756 2459 et
1778 2411 1908 2459 locu-

487 2484 767 2550 pletioribus
795 2486 1048 2533 ascendere
1079 2486 1316 2534 ferebatur
1348 2505 1358 2533 ε
1396 2488 1479 2551 qui
1512 2504 1562 2534 se
1591 2489 1747 2553 primo
1776 2488 1905 2554 apud

489 2562 721 2627 oppidum
766 2561 826 2608 de
875 2566 945 2609 W
943 2563 1014 2610 z'clr
1058 2564 1362 2629 recipientes,
1411 2564 1584 2614 deinde
1624 2583 1710 2631 per
1748 2567 1905 2616 vicina

543 2670 581 2707 1.
612 2669 807 2708 Wieoelde
844 2668 939 2707 dans
970 2670 1006 2708 le
1043 2683 1114 2709 ms.
1155 2671 1378 2720 Matthaeus,
1420 2676 1603 2711 Henricus
1636 2687 1661 2711 a
1700 2677 1844 2720 Zuylen
1879 2688 1905 2711 α

487 2731 663 2777 Nyeoelt,
684 2741 834 2767 comme
851 2730 1059 2780 ci-dessus,
1081 2747 1121 2784 p.
1146 2735 1209 2771 76.
