2060 3392
441 290 516 326 320
999 284 1251 323 APOLOGIA
1266 312 1278 330 ,

439 373 580 422 nobis
600 373 817 438 quidem,
840 371 923 420 sed
945 372 1033 436 ipsi
1061 388 1149 418 suo
1171 371 1316 418 unico
1341 386 1593 434 germano,
1619 371 1858 439 fidemque

440 461 670 500 sacratam
691 450 947 513 infringere
968 459 1015 496 et
1038 448 1338 514 abrumpere.

504 529 717 576 Tentavit
733 527 909 592 quippe
925 526 1053 573 idem
1073 527 1293 591 princeps
1309 527 1517 591 optimus
1533 526 1735 590 efficere,
1759 544 1858 577 non

439 609 585 655 semel
606 616 818 666 tantum,
845 604 927 651 sed
950 604 1151 669 pluries,
1183 621 1294 651 cum
1322 613 1431 669 post
1450 603 1627 652 dictam
1650 606 1860 654 reconci-

438 686 681 733 liationem
709 693 755 731 et
781 681 959 730 foedera
979 682 1180 729 Turonis
1201 682 1263 730 ad
1287 682 1468 729 curiam
1487 683 1608 746 regis
1628 683 1855 746 venisset,

439 779 728 826 omnemque
766 760 827 808 ad
863 761 959 807 hoc
992 769 1219 807 conatum
1258 760 1571 808 sincerissima
1609 760 1858 809 affectione

437 840 669 905 impendit
690 849 743 886 ut
765 855 853 885 nos
874 854 955 884 rex
977 837 1039 885 ad
1063 837 1259 900 gratiam
1281 838 1528 902 reciperet,
1552 848 1599 885 et
1619 839 1858 903 potiundo

438 919 580 966 rebus
605 918 794 977 nostris,
821 917 1096 981 integraque
1119 915 1260 963 nobis
1281 915 1560 964 earumdem
1582 917 1703 964 facta
1726 917 1859 964 resti-

439 996 646 1055 tutione,
674 996 724 1042 in
759 994 956 1041 ecclesia
985 1003 1148 1040 nostra
1177 994 1252 1040 vel
1286 993 1425 1053 alibi,
1452 993 1537 1040 ubi
1560 993 1700 1041 nobis
1727 995 1860 1042 colli-

436 1074 635 1135 buisset,
669 1073 804 1136 juxta
842 1071 1029 1118 foederis
1059 1080 1106 1118 et
1138 1081 1390 1136 pactorum
1426 1071 1618 1131 seriem,
1653 1071 1857 1120 residere

436 1151 583 1200 libere
600 1151 786 1209 liceret3
805 1149 1007 1213 fecitque
1027 1149 1127 1212 ejus
1140 1149 1208 1195 rei
1218 1149 1365 1211 gratia
1377 1148 1533 1196 afferri
1550 1148 1857 1215 exhiberique

436 1240 483 1277 et
505 1230 596 1292 legi
612 1238 720 1276 ante
743 1244 902 1291 regem
919 1227 1095 1274 litteras
1117 1237 1368 1291 pactorum
1390 1236 1437 1274 et
1457 1225 1646 1273 soederis
1667 1227 1792 1275 inter
1807 1245 1858 1276 se

436 1309 681 1368 initorum,
709 1323 813 1371 quae
841 1305 1022 1364 omnia,
1050 1321 1154 1369 quae
1178 1303 1427 1369 poscebat,
1453 1303 1556 1351 fieri
1577 1303 1753 1352 debere
1775 1322 1860 1354 ex-

436 1385 724 1450 pressissime
757 1382 1084 1431 continebant.
1125 1385 1183 1430 Et
1215 1393 1375 1430 tamen
1414 1399 1518 1444 rex,
1558 1393 1714 1448 spreta
1744 1401 1869 1449 pro--

435 1463 577 1510 missa
607 1461 699 1509 fide
724 1470 771 1508 et
794 1461 1008 1523 neglecta
1027 1460 1335 1523 jurisjurandi
1355 1460 1582 1523 religione
1607 1461 1867 1509 solemnis·¹

436 1541 553 1587 sime
569 1556 598 1587 a
612 1557 661 1586 se
672 1539 880 1605 praestiti,
897 1538 1183 1602 contemptis
1197 1538 1382 1602 scriptis
1396 1538 1491 1584 suis
1505 1553 1652 1584 manu
1663 1538 1859 1603 propria

436 1628 483 1665 et
499 1618 660 1680 sigillis
682 1617 777 1663 suis
802 1615 984 1679 magnis
1006 1614 1258 1682 roboratis,
1281 1614 1412 1678 quod
1429 1631 1518 1678 pro
1538 1614 1678 1662 nobis
1699 1607 1860 1680 postu-

436 1695 638 1755 labatur,
658 1693 829 1740 immiti
849 1703 990 1756 atque
1008 1692 1237 1757 pertinaci
1253 1692 1415 1739 animo
1433 1691 1585 1739 facere
1607 1693 1867 1741 recusavit„

435 1770 812 1831 Tantummodo,
838 1787 950 1824 cum
971 1769 1122 1815 multa
1145 1768 1235 1815 sibi
1260 1768 1321 1816 de
1347 1767 1487 1816 nobis
1509 1770 1678 1817 merita
1702 1769 1768 1833 (et
1789 1769 1857 1818 fa-

435 1850 523 1896 cile
555 1865 698 1922 supra
730 1865 875 1912 quam
904 1847 954 1894 in
977 1846 1116 1893 nobis
1147 1847 1236 1909 est)
1258 1846 1387 1893 idem
1416 1847 1639 1912 princeps
1665 1847 1859 1895 referret

436 1937 577 1991 atque
600 1936 843 1987 assereret,
867 1935 920 1973 ut
938 1925 1153 1972 animum
1172 1925 1319 1989 ipsius
1341 1934 1523 1972 trucem
1542 1942 1598 1973 ac
1615 1942 1791 1974 saevum
1805 1926 1857 1973 in

437 2021 526 2051 nos
541 2003 602 2050 ad
621 2003 923 2050 clementiam
940 2002 1215 2061 inflecteret,
1235 2001 1297 2049 ab
1316 2019 1375 2049 eo
1392 2002 1487 2050 hoc
1506 2004 1663 2068 gratiae
1683 2021 1858 2051 munus

435 2074 698 2146 exprimere
731 2098 810 2128 seu
849 2091 1128 2143 extorquere
1157 2081 1339 2144 potuit,
1380 2090 1432 2126 ut
1464 2097 1545 2127 rex
1575 2081 1676 2128 haec
1711 2081 1858 2128 verba

436 2157 526 2205 sibi
549 2158 678 2204 velut
698 2174 787 2223 pro
818 2157 998 2220 ingenti
1019 2173 1246 2204 concesso
1271 2156 1411 2204 nobis
1431 2157 1666 2205 beneficio
1690 2157 1857 2205 redde-

435 2245 507 2282 ret
532 2253 543 2282 :
576 2255 598 2277 κ
626 2237 692 2281 Ex
716 2251 814 2298 quo
843 2253 867 2279 »
901 2235 1056 2299 inquit
1086 2255 1107 2277 «
1135 2234 1261 2299 ipse,
1287 2251 1376 2299 pro
1410 2252 1508 2299 quo
1536 2235 1857 2283 tantasnobis

435 2329 597 2377 preces
621 2312 834 2374 funditis,
862 2322 931 2360 est
952 2313 1024 2359 vir
1045 2322 1288 2359 tantorum
1312 2313 1606 2375 meritorum,
1635 2314 1857 2377 concedi-

435 2407 544 2436 mus
560 2390 603 2436 ei
621 2390 752 2454 quod
768 2391 1023 2455 prospiciat
1038 2390 1155 2436 dum
1176 2390 1364 2437 vacabit
1380 2390 1428 2436 in
1451 2392 1603 2455 patria
1626 2392 1855 2439 Occitana

435 2468 509 2515 vel
530 2468 858 2532 adjacentibus
885 2469 1020 2515 terris
1042 2468 1200 2532 aliqua
1224 2467 1437 2529 ecclesia,
1470 2484 1603 2532 aeque
1627 2468 1759 2517 bona
1779 2469 1855 2517 vel

435 2547 576 2594 etiam
605 2545 799 2592 uberior
826 2544 1136 2610 proventibus
1168 2561 1314 2608 quam
1342 2561 1426 2592 sua
1454 2547 1779 2608 Lexoviensis3
1806 2557 1854 2595 et

435 2623 755 2688 promittimus
787 2622 940 2670 facere
974 2622 1107 2686 quod
1135 2639 1241 2670 eam
1269 2622 1520 2671 obtinebit.
1561 2624 1705 2682 Quod
1739 2641 1861 2672 veros

436 2700 771 2748 Lexoviensem
805 2699 1004 2748 retineat
1033 2710 1114 2748 aut
1148 2700 1197 2746 in
1234 2715 1291 2749 ea
1317 2700 1548 2761 ¹resideat,
1581 2701 1851 2750 nullatenus

435 2778 688 2842 patiemur.
719 2798 742 2821 »
