2060 3392
391 344 467 380 172
754 344 1095 382 HISTORIARUM
1123 344 1360 382 LUDOVICI
1387 346 1444 382 XI

807 546 812 550 >
865 524 1205 571 CAPITULUM
1240 526 1319 572 xl.

657 645 709 680 De
724 645 919 691 clementia,
940 645 1014 682 imo
1032 647 1147 684 verius
1161 647 1206 684 de
1223 647 1429 684 crudelitate
1444 650 1530 698 ejus.

451 755 742 802 Clementem
774 754 893 802 forte
919 756 1026 821 quis
1052 773 1162 804 eum
1192 756 1332 804 fuisse
1357 773 1563 806 asserere
1586 744 1798 822 audebit,

384 851 493 882 cum
520 835 825 900 quamplures
855 851 912 882 ex
938 835 1030 897 his,
1062 836 1144 901 qui
1172 845 1339 883 contra
1360 834 1445 901 [se]
1474 837 1803 902 conspirarant
1852 875 1855 879 .

382 913 457 959 vel
487 911 892 977 conspiratoribus
930 928 1029 959 sese
1063 912 1403 977 adjunxerant,
1439 931 1541 961 non
1571 915 1720 963 modo
1752 917 1800 971 in

382 991 580 1055 gratiam
601 991 830 1056 receperit
850 991 917 1038 eis
941 989 1100 1038 delicti
1122 993 1310 1039 veniam
1339 992 1692 1055 condonando,
1723 1011 1803 1042 ve.-

382 1085 488 1114 rum
511 1068 654 1115 etiam
686 1077 734 1114 et
760 1068 963 1133 praemiis
990 1069 1173 1132 magnis
1207 1069 1417 1117 affecerit
1443 1069 1803 1145 sublimaritque

383 1145 664 1193 honoribus.
697 1145 790 1193 Sed
815 1162 841 1192 e
864 1146 1093 1193 diverso
1081 1163 1129 1193 m
1158 1147 1317 1212 plures
1348 1156 1445 1194 tam
1474 1163 1623 1194 saevus
1643 1157 1691 1195 et
1714 1149 1802 1195 im-

378 1223 623 1289 placabilis
645 1223 749 1286 fuit,
775 1224 858 1287 qui
881 1241 970 1271 nec
989 1224 1038 1270 in
1056 1240 1166 1276 eum
1191 1223 1455 1290 quidquam
1473 1234 1604 1272 recto
1622 1211 1802 1289 judicio

379 1302 565 1349 ostendi
587 1311 809 1366 poterant
832 1301 1103 1365 deliquisse,
1128 1311 1181 1348 ut
1202 1318 1303 1362 eos,
1329 1302 1545 1366 quamvis
1571 1302 1799 1366 insontes,

377 1380 452 1426 vel
489 1389 642 1426 morte
660 1415 671 1435 ‚
709 1375 782 1425 vel
819 1376 1247 1444 proscriptionibus
1277 1395 1376 1434 non
1415 1381 1473 1427 sit
1504 1381 1679 1428 veritus
1705 1380 1805 1428 affi-

377 1472 501 1503 cere.
535 1455 664 1514 Quid
699 1455 955 1502 referemus
987 1455 1048 1503 de
1073 1457 1178 1521 ipso
1213 1457 1398 1521 optimo
1432 1457 1650 1522 principe
1681 1457 1807 1524 duce,

377 1533 439 1580 de
463 1535 717 1594 Nemozcrs,
746 1549 891 1597 quern
912 1533 1095 1580 Parisiis
1120 1534 1273 1598 capite
1300 1533 1442 1598 plecti
1469 1533 1595 1594 fecit,
1621 1534 1696 1581 his
1717 1534 1799 1598 qui

376 1611 616 1674 graviores
645 1619 691 1656 et
726 1609 936 1674 potiores
971 1611 1107 1658 e‘rant
1140 1609 1200 1656 de
1233 1625 1318 1657 sua
1352 1610 1483 1657 curia
1515 1610 1799 1657 Parlamenti

375 1704 485 1734 eum
514 1687 861 1734 absolvendum
889 1687 991 1735 fore
1011 1685 1339 1746 censentibus;
1366 1704 1487 1751 quos
1517 1687 1634 1751 ipse,
1660 1704 1802 1752 prop-

375 1775 504 1813 terea
531 1765 664 1829 quod
695 1765 791 1811 suis
825 1765 1000 1828 iniquis
1026 1763 1360 1811 affectionibus
1383 1764 1580 1810 minime
1603 1764 1799 1821 assenti-

376 1852 498 1904 rent,
534 1843 665 1889 curia
689 1852 736 1888 et
761 1841 1030 1889 honoribus
1055 1841 1236 1894 amovit
1258 1851 1422 1905 atque,
1444 1850 1497 1887 ut
1514 1841 1688 1906 potuit,
1715 1841 1799 1888 de-

374 1919 703 1968 honestavit¹?

441 2000 597 2055 Quam
620 2012 735 2043 vero
761 1995 936 2043 acerbo
968 1995 1295 2060 insequeretur
1326 1995 1440 2043 odio
1469 1995 1695 2059 juvenem
1718 1994 1803 2042 du-

375 2091 480 2121 cem
501 2073 786 2134 Alenconii²,
813 2072 948 2136 cujus
969 2082 1154 2137 patrem
1172 2073 1221 2119 in
1244 2083 1400 2120 castro
1414 2072 1475 2120 de
1496 2076 1691 2135 Loavre,
1713 2075 1801 2120 Pa-

374 2152 510 2212 risiis,
542 2150 605 2198 ad
627 2149 814 2197 obitum
837 2166 986 2213 usque
1011 2150 1253 2214 captivum
1274 2150 1501 2197 asservari
1525 2148 1672 2211 fecit⁸‚
1695 2150 1801 2213 quis

431 2291 470 2327 1.
501 2290 600 2339 Voy.
625 2297 652 2326 t.
675 2291 728 2341 II,
749 2302 790 2340 p.
813 2289 903 2326 394.

429 2354 469 2392 2.
499 2351 608 2389 Rene
633 2350 867 2401 d'Alen'con,
900 2358 1026 2388 comte
1051 2349 1099 2388 de
1122 2350 1269 2389 Perche
1290 2350 1343 2389 du
1366 2350 1500 2393 vivant
1525 2349 1573 2387 de
1596 2363 1665 2388 son
1689 2350 1794 2402 pere.

374 2413 488 2452 Louis
508 2415 566 2451 XI
583 2413 620 2451 le
637 2413 679 2450 fit
697 2413 844 2451 arreter
861 2425 908 2449 en
923 2414 1044 2461 1481,
1059 2426 1109 2450 au
1127 2421 1299 2455 moment
1316 2414 1367 2450 οὺ
1385 2412 1411 2450 il
1431 2412 1536 2450 allait
1553 2411 1711 2450 s'enfuir
1727 2426 1795 2451 au-

374 2477 462 2527 pres
481 2476 533 2514 du
549 2476 625 2515 duc
648 2476 695 2514 de
713 2479 902 2527 Bretagne
919 2489 970 2514 ou
993 2478 1188 2527 peut-etre
1205 2490 1253 2514 en
1271 2475 1451 2515 Flandre.

432 2542 470 2578 3.
500 2542 554 2578 Le
580 2539 655 2577 duc
681 2539 892 2584 d'Alencon
907 2567 918 2585 ‚
942 2538 1068 2590 gracie
1091 2551 1167 2576 une
1191 2538 1381 2589 premiere
1404 2537 1473 2576 fois
1496 2539 1518 2575 ὲ
1541 2537 1800 2577 l’avenement

374 2603 422 2640 de
441 2601 558 2640 Louis
581 2603 660 2648 XI,
689 2613 766 2638 une
784 2599 949 2638 seconde
967 2600 1038 2637 fois
1057 2613 1105 2638 en
1131 2601 1234 2638 1469
1258 2612 1356 2651 pour
1375 2599 1485 2638 avoir
1509 2599 1605 2637 livre
1625 2601 1798 2650 Alencon

373 2678 452 2705 aux
470 2667 630 2703 Bretons
645 2663 814 2716 pendant
829 2663 867 2700 la
885 2675 1022 2714 guerre
1041 2662 1093 2700 du
1109 2661 1198 2700 bien
1219 2661 1349 2714 public
1363 2691 1374 2710 ‚
1395 2675 1472 2700 une
1490 2662 1683 2700 troisieme
1702 2662 1795 2710 fois,

375 2740 424 2765 en
456 2729 582 2774 1475,
610 2726 723 2778 apres
750 2723 860 2764 aveir
892 2725 952 2762 cte
981 2724 1195 2763 condamne
1223 2726 1244 2762 a
1275 2732 1377 2762 mort
1400 2738 1472 2776 par
1494 2724 1530 2762 le
1558 2725 1794 2776 parlement,

376 2797 533 2827 mourut
557 2802 606 2828 en
626 2790 746 2835 1476,
765 2800 844 2825 non
868 2800 936 2840 pas
965 2800 1015 2825 au
1040 2790 1209 2835 Louvre,
1234 2787 1330 2825 mais
1353 2786 1447 2825 dans
1476 2787 1513 2825 la
1532 2787 1680 2825 maison
1701 2786 1794 2825 d'un

375 2850 582 2903 bourgeois
603 2852 654 2890 de
672 2851 779 2890 Paris
794 2864 870 2902 que
893 2850 1009 2889 Lonis
1033 2853 1090 2889 XI
1108 2850 1162 2889 lui
1182 2850 1286 2890 avait
1307 2850 1460 2889 donnee
1475 2863 1576 2902 pour
1591 2850 1736 2901 prison.

1902 2674 1925 2689 4
