2060 3392
473 266 550 303 118
834 261 1177 302 HISTORIARUM
1205 261 1441 301 Lunovlcl
1465 264 1522 301 XI

538 351 735 399 Paulum
770 366 884 398 vero
924 357 1034 397 ante
1048 384 1060 408 ‚
1103 363 1212 396 cum
1249 349 1479 397 exercitus
1515 349 1889 398 Brabantionum

473 427 720 495 quoddam
762 426 1007 476 castellum
1031 427 1043 452 ¹
1085 425 1236 492 pro'pe
1279 427 1518 476 civitatem
1561 424 1857 476 obsedissent
1871 465 1885 490 ‚

471 507 625 555 dictus
661 505 913 569 sacrilegus
942 512 1194 569 tyrannm,
1220 502 1418 554 collecta
1443 521 1592 554 manu
1612 506 1771 555 valida
1788 512 1888 555 tam

471 584 798 642 rutherorum,
846 596 991 648 quam
1030 583 1334 648 popularium
1374 583 1535 649 patriae
1549 620 1562 643 ‚
1602 584 1726 632 inter
1767 596 1889 648 quos

470 676 594 710 unus
623 674 823 725 magnus
851 668 952 708 erat
981 659 1226 721 rutherus‚
1263 672 1585 725 cognomento
1618 661 1678 710 de
1713 662 1888 710 Wack-

471 739 721 799 tendonck‚
750 752 860 787 cum
884 739 1113 786 sexcentis
1141 748 1187 787 et
1210 738 1411 805 amplius
1435 738 1672 804 equitibus
1697 748 1746 787 et
1765 752 1889 788 non-

470 818 611 866 nullis
650 818 824 883 copiis‚
863 829 981 882 quas
1022 816 1166 865 etiam
1203 816 1300 864 dux
1338 817 1566 865 Clivensis
1604 817 1796 866 miserat
1818 819 1887 866 -in

468 895 698 942 auxilium
723 893 936 958 tyranni,
959 910 1070 941 cum
1089 906 1186 958 quo
1209 909 1258 941 se
1276 894 1395 941 inito
1414 893 1590 941 foedere
1610 894 1856 959 copularat
1872 931 1885 954 ‚

470 973 620 1018 movit
652 971 713 1018 de
746 971 932 1018 civitate
965 979 1013 1018 et
1047 969 1388 1029 Brahantiones
1412 969 1541 1017 bello
1572 969 1773 1018 adortus.
1798 976 1884 1020 est.

469 1050 588 1111 Qui,
622 1048 814 1097 aciebus
843 1049 938 1096 suis
965 1046 1129 1096 debito
1165 1047 1333 1095 ordine
1364 1047 1601 1113 dispositis
1616 1086 1629 1110 ,
1661 1065 1772 1096 eum
1806 1065 1890 1098 au-

468 1128 630 1176 dacter
653 1136 700 1174 et
732 1126 946 1174 animose
977 1136 1288 1191 exceperunt,
1315 1136 1630 1191 consertoque
1648 1142 1760 1174 cum
1781 1126 1890 1174 hos-

469 1205 595 1253 tibus
622 1204 810 1270 proelio,
835 1204 919 1269 qui
947 1218 1124 1267 magno
1148 1219 1350 1251 numero
1372 1213 1528 1263 erant,
1566 1203 1800 1266 insignem
1828 1203 1889 1251 de

467 1282 581 1348 ipsis
613 1281 862 1329 victoriam
886 1290 934 1328 et
972 1290 1148 1347 tropaea
1190 1298 1290 1328 non
1325 1281 1494 1348 esigua
1536 1290 1839 1346 reportarunt
1855 1283 1884 1328 ¹.

468 1362 595 1407 Caesa
617 1369 727 1407 sunt
747 1360 798 1406 in
819 1376 878 1406 eo
898 1359 1085 1424 proelio,
1109 1369 1162 1406 ut
1185 1375 1213 1407 a
1235 1358 1451 1424 pluribus
1474 1357 1727 1418 ferebatur,
1748 1372 1891 1424 supra

469 1447 675 1501 quatuor
695 1437 844 1484 millia
867 1436 1082 1484 virorum
1099 1472 1111 1495 ‚
1138 1447 1185 1484 et
1215 1435 1388 1501 captivi
1414 1435 1545 1483 ducti
1568 1436 1754 1483 circiter
1789 1436 1888 1484 duo

470 1515 634 1562 millia.
653 1517 779 1561 Inter
798 1524 991 1561 caeteros
1009 1514 1086 1561 ille
1103 1514 1256 1562 dictus
1275 1514 1335 1561 de
1356 1517 1426 1560 W
1423 1513 1760 1574 acMmdvnck,
1777 1525 1888 1562 cum

470 1593 565 1641 suis
602 1602 650 1640 et
687 1593 976 1641 Clivensium
1007 1592 1179 1658 copiis,
1216 1601 1488 1657 peremptus
1526 1601 1612 1640 est.
1652 1581 1888 1639 Minorem
1917 1594 1921 1599 ’

470 1680 629 1718 tamen
655 1670 798 1734 longe
824 1669 964 1717 fuisse
991 1686 1220 1718 caesorum
1242 1679 1288 1717 et
1313 1669 1609 1735 captivorum
1635 1682 1888 1716 numerum

469 1748 547 1796 alii
568 1746 887 1796 affirmabant.
1799 1738 1801 1740 ¹

536 1825 815 1888 Sacrilegus,
838 1824 950 1888 fuga
966 1824 1168 1890 elapsus,
1188 1824 1238 1871 in
1263 1824 1502 1872 civitatem
1518 1840 1567 1871 se
1588 1824 1781 1890 recepit,
1806 1822 1890 1871 uhi

469 1903 670 1950 alterum
697 1902 758 1949 de
786 1901 1183 1965 burgimagistris,
1210 1912 1439 1966 tanquam
1463 1901 1760 1966 proditorem
1776 1936 1789 1960 ‚
1814 1901 1890 1948 vel

470 1980 614 2040 duos,
638 1989 694 2026 ut
719 1979 941 2027 nonnulli
962 1979 1179 2039 aiebant,
1205 1995 1264 2026 eo
1287 1977 1419 2042 quod
1447 1994 1529 2038 ea,
1556 1994 1660 2042 quae
1682 1978 1750 2025 eis
1779 1985 1889 2025 ante

470 2056 807 2116 mandaverat,
833 2056 1030 2121 implere
1053 2070 1152 2103 non
1167 2066 1422 2118 ‘curassent
1440 2091 1452 2115 ‚
1478 2054 1726 2102 interfecit.
1752 2057 1811 2102 Et
1827 2054 1888 2102 de

468 2136 561 2183 loci
597 2135 845 2183 securitate
886 2151 986 2182 non
1021 2135 1130 2182 satis
1151 2133 1381 2194 confisus,
1413 2137 1602 2198 Hoyum
1618 2134 1633 2158 ⁸
1657 2132 1889 2198 oppidum

469 2213 627 2279 petiit,
657 2214 706 2260 in
730 2230 827 2277 quo
852 2228 1026 2276 magna
1054 2212 1357 2276 fiigitivorum
1389 2229 1415 2260 e
1443 2209 1612 2277 proelio
1639 2211 1890 2259 collocavit

468 2291 699 2356 praesidia.

534 2370 678 2428 Quod
716 2370 777 2428 si,
819 2370 886 2416 uti
918 2367 1171 2428 serebatur,
1207 2366 1549 2415 Brabantiones
1582 2366 1738 2425 illico,
1765 2376 1889 2431 post-

519 2522 558 2560 1,
589 2519 748 2558 Molinet
768 2517 945 2571 l’appelle
963 2517 1188 2569 Boulongne
1211 2534 1227 2551 α
1245 2529 1324 2568 ung
1342 2516 1485 2554 chastel
1503 2515 1596 2553 assis
1615 2517 1637 2553 a
1658 2515 1751 2553 trois
1770 2515 1888 2553 lienes

466 2584 554 2637 pres
575 2584 623 2622 de
642 2584 680 2622 la
695 2583 768 2621 cite
788 2582 836 2621 de
852 2581 989 2634 Liege‚
1016 2594 1082 2618 sur
1115 2593 1191 2618 une
1216 2579 1354 2618 rivieere
1379 2580 1558 2617 nominee
1578 2580 1690 2619 Sarre
1709 2591 1728 2614 x·
1744 2608 1755 2626 ,
1776 2587 1805 2617 t.
1825 2578 1886 2626 11,

466 2646 577 2698 chap.
600 2659 709 2683 xc111.

519 2711 559 2749 2.
590 2711 643 2746 Le
664 2710 712 2746 10
727 2706 878 2755 J'anvier
901 2706 1016 2744 1483.

523 2774 560 2811 3.
593 2773 697 2820 Huy.
812 2771 831 2785 ‘'
