2060 3392
682 304 826 341 1.le
853 304 1052 342 SEXTUS.
1520 306 1569 342 99

164 406 360 453 nomm,
382 392 670 439 exstiterant.
694 392 751 438 Hi
771 407 881 438 cum
908 389 1165 454 quemdam
1182 390 1390 455 burgum
1414 393 1574 458 appel·

163 466 311 515 latum
322 469 607 526 Eminesse¹,
631 467 741 515 satis
754 467 1002 533 locupletis
1013 483 1069 516 ac
1090 467 1303 516 bellicosi
1314 478 1362 515 et
1382 468 1573 534 superbi

163 543 327 609 populi
370 543 674 607 multitudine
711 543 935 591 refertum
950 582 962 605 ‚
995 546 1325 608 vastavissent,
1357 545 1574 611 diripuis-

162 629 264 668 sent
293 630 341 668 et
362 630 674 682 cremassent,
698 620 915 686 pluribus
941 622 1036 669 loci
1060 622 1234 670 accolis
1254 622 1329 671 vel
1350 623 1479 670 caesis
1499 623 1571 670 vel

161 698 327 765 (ἐφῇς,
353 699 416 748 ad
447 699 804 748 incendendum
835 701 1010 765 pariter
1036 710 1083 748 et
1111 699 1396 749 vastandum
1437 717 1575 765 quas·

161 774 273 824 dam
287 777 437 838 villas,
454 777 565 824 sitas
588 776 650 824 ad
662 794 814 824 unum
830 778 1028 825 milliare
1046 778 1120 826 vel
1145 778 1244 826 duo
1259 778 1320 826 de
1337 779 1568 843 Trajecto,

162 852 211 900 in
240 853 332 902 illis
368 854 656 919 palustribus
686 855 803 902 locis
837 872 864 902 e
896 855 1071 920 quibus
1102 856 1164 903 ad
1193 855 1575 904 comburendum

159 941 208 979 et
229 931 361 980 focos
388 933 807 998 componendum'
829 935 982 998 patria
1012 935 1091 982 illa
1115 934 1184 981 uti
1206 935 1324 982 solet
1342 935 1420 999 (eo
1444 935 1576 999 quod

158 1006 255 1057 illic
269 1026 427 1075 neque
440 1011 601 1075 sylvae,
624 1027 778 1074 neque
793 1010 988 1059 arbores
1003 1011 1064 1059 ad
1084 1011 1428 1060 combustionis
1442 1029 1572 1074 usuS,

158 1086 378 1136 uisitarae
399 1088 684 1147 admodum,
714 1090 1054 1154 inveniantur),
1084 1090 1171 1137 iter
1186 1091 1482 1140 direxerunt..

226 1163 321 1212 Ubi
343 1165 564 1213 incendia
586 1175 633 1212 et
655 1165 837 1230 praedas
858 1181 969 1212 cum
1000 1175 1217 1228 agerent,
1245 1166 1449 1213 flammis
1470 1182 1575 1213 ma-

161 1240 458 1291 nifestissime
481 1243 531 1289 in
560 1243 773 1306 Trajecto
799 1242 1143 1290 collucentibus
1178 1253 1319 1307 atque
1346 1259 1578 1309 apparen-

160 1318 288 1369 tibus
302 1357 316 1382 ,
347 1320 505 1368 statim
532 1330 630 1367 tam
660 1320 842 1367 rutheri
866 1336 1011 1383 quam
1043 1336 1216 1385 magna
1246 1321 1423 1368 civium
1453 1321 1577 1368 mul-

158 1398 313 1447 titudo
332 1437 345 1460 ,
397 1415 547 1463 usque
589 1398 650 1446 ad
695 1415 947 1446 numerum
965 1436 978 1460 ,
1025 1410 1077 1446 ut
1121 1399 1379 1462 ferebatur,
1426 1415 1577 1465 prope

159 1476 370 1541 quinque
393 1475 595 1523 millium
615 1475 866 1523 hominum
879 1513 892 1537 ,
914 1477 1109 1524 confuse
1129 1486 1177 1524 et
1209 1477 1388 1542 absque
1410 1477 1578 1524 ordine

159 1553 308 1619 portis
339 1553 435 1600 suis
467 1562 751 1618 eruperunt,
783 1562 926 1617 atque
959 1553 1021 1601 ad
1042 1554 1172 1616 loca,
1198 1555 1248 1601 in
1280 1554 1454 1620 quibus
1477 1571 1577 1602 esse

74 1636 82 1644 '
158 1627 319 1678 hostes
337 1629 628 1689 sentiebant,
654 1640 964 1695 properanter
986 1641 1348 1679 concurrerunt.
1369 1631 1437 1678 Ad
1457 1648 1578 1696 quos

161 1722 272 1754 cum
311 1707 509 1773 propius
547 1708 872 1770 accessissent,
910 1718 957 1755 et
996 1725 1079 1756 eos
1118 1708 1278 1772 fugam
1322 1717 1545 1773 capturos
1561 1747 1573 1769 ,

161 1784 567 1847 quemadmodum
595 1785 709 1833 alias
730 1802 880 1852 prope
905 1785 1083 1832 flumen
1107 1786 1292 1847 Leckae,
1316 1786 1449 1850 juxta
1468 1784 1576 1832 bas-

161 1858 309 1907 tiliam
351 1859 559 1909 fecerant
575 1899 588 1922 ,
630 1861 973 1909 arbitrarentur
987 1899 999 1923 ,
1039 1862 1218 1927 experti
1253 1871 1363 1909 sunt
1398 1862 1577 1909 damno

159 1951 248 1982 suo
272 1953 321 1984 se
353 1953 462 1984 cum
487 1938 680 1986 armatis
707 1939 820 1986 viris
849 1939 1093 2002 negotium
1113 1938 1307 1986 habere.
1344 1938 1438 1997 Qui
1466 1955 1575 1986 cum

158 2027 242 2060 eos
275 2014 490 2061 alacriter
515 2016 807 2080 acciperent,
841 2025 890 2063 et
917 2017 967 2063 in
992 2033 1075 2063 eos
1100 2017 1366 2081 composito
1389 2017 1576 2079 agmine

158 2089 412 2149 irruerent,
447 2092 574 2139 illico
603 2093 692 2157 ipsi
720 2094 1036 2156 TraJectenses
1068 2103 1197 2157 terga
1224 2093 1511 2141 dederunff'.
1539 2097 1576 2140 E

158 2168 356 2233 quibus,
385 2171 493 2218 tam
514 2171 574 2218 de
597 2171 810 2234 civitate,
838 2188 982 2237 quam
1008 2171 1294 2220 suburbanis
1327 2182 1374 2219 et
1409 2172 1576 2219 vicinis

159 2245 302 2309 villis,
321 2248 554 2314 perempti
575 2259 686 2297 sunt
708 2249 893 2297 circiter
914 2249 1042 2297 mille
1060 2259 1107 2297 et
1125 2250 1394 2314 quingenti3
1418 2250 1577 2315 plures

160 2422 426 2477 bourguignon
457 2434 495 2464 et
513 2425 638 2464 obtint
665 2426 714 2465 de
735 2427 890 2466 Charles
917 2428 953 2466 le
975 2428 1190 2466 Temeraire
1216 2427 1256 2475 je
1277 2440 1329 2466 ne
1350 2427 1424 2465 sais
1449 2427 1577 2478 quelle

160 2486 370 2538 seigneurie
395 2487 444 2526 de
468 2489 750 2530 saint-Martia.
780 2491 841 2528 On
866 2483 1059 2542 l'appelait
1086 2490 1122 2527 le
1141 2490 1239 2528 Petit
1256 2490 1407 2529 Salazar
1424 2502 1523 2541 pour
1541 2489 1577 2526 le

161 2546 368 2600 distinguer
393 2549 441 2588 de
471 2553 566 2589 Jean
602 2549 650 2589 de
682 2552 846 2599 Salazar,
879 2551 1173 2603 probablement
1209 2565 1276 2590 son
1314 2559 1473 2603 parent,
1510 2550 1574 2600 qui

161 2610 276 2648 servit
293 2610 387 2649 dans
403 2611 458 2650 les
473 2614 620 2651 armees
640 2614 845 2665 srancaises
863 2627 951 2653 sous
967 2614 1121 2652 charles
1136 2617 1205 2652 VII
1219 2623 1256 2651 et
1275 2627 1363 2651 sous
1376 2612 1490 2650 Louis
1503 2614 1572 2650 XI.

214 2673 250 2712 1.
283 2673 492 2713 Emeresse.
756 2700 759 2704 —

211 2735 251 2771 2.
281 2733 521 2775 C’est-a-dire
538 2737 594 2775 les
613 2738 837 2776 tourbieres.

218 2797 256 2834 3.
287 2799 319 2833 Α
341 2797 598 2838 Westbroeck.
