2060 3392
532 274 581 309 70
895 269 1237 306 HISTORIARUM
1265 268 1503 305 LUDOVICI
1531 269 1586 304 XI

530 360 684 424 gionis
715 357 991 406 incendium·
1017 355 1304 418 arcendum,
1342 355 1614 404 ferebantur
1645 357 1857 419 (mortuo
1880 359 1951 407 in-

527 436 667 484 terim
691 437 863 498 Magno
875 433 957 480 illo
978 433 1172 497 Turco),
1191 442 1315 480 terra
1330 433 1546 498 marique
1566 448 1673 481 eam
1698 432 1949 484 obsidione

527 512 733 561 vallavit.
782 514 839 558 Et
876 526 988 557 cum
1028 509 1091 558 ad
1129 510 1357 575 placitum
1401 509 1688 572 obsidentiS,
1731 513 1950 576 quamvis

526 591 575 637 in
600 589 798 652 longum
841 586 998 634 forsan
1030 596 1270 651 protracta
1306 586 1558 635 obsidione
1574 624 1587 648 ,
1638 603 1738 635 sese
1773 587 1949 638 dedere

525 665 748 731 compelli
774 664 1040 729 potuissent
1058 663 1224 725 Turci,
1255 664 1401 712 tutius
1446 674 1603 712 tamen
1642 676 1788 730 atque
1819 682 1950 718 com-

525 744 715 792 modius
754 743 1125 801 aestimatumest
1169 743 1365 790 eosdem
1401 742 1621 791 obsessos
1653 743 1947 795 deditionem

525 823 704 883 facere,
753 819 1020 868 offerendo¹
1061 820 1216 868 salvos
1261 819 1393 868 abire
1428 821 1717 886 permittere.
1755 823 1864 880 Qua
1895 839 1947 871 re

524 899 701 948 diutius
742 898 912 958 dilata,
953 898 1188 946 incertum
1221 908 1363 963 atque
1385 898 1641 964 ancipitem
1677 915 1944 963 succursus,

523 977 606 1041 qui
629 978 786 1024 forsan
812 976 892 1035 ⁸eis
913 977 1167 1041 provenire
1205 975 1462 1041 potuisset,
1502 984 1728 1025 eventum
1748 992 1948 1042 exspec-

523 1057 750 1104 tasse²....
1981 1061 1985 1064 ’

588 1135 726 1180 Facta
749 1132 908 1195 itaque
942 1131 1165 1192 civitatis,
1199 1147 1347 1195 quam
1370 1148 1522 1197 prope
1557 1147 1742 1181 annum
1779 1143 1945 1182 tenue·

522 1219 654 1271 rant,
685 1210 966 1257 vacuatione
980 1211 994 1234 ⁸
1011 1247 1023 1271 ,
1062 1210 1164 1275 ipsa
1194 1226 1366 1275 spurca
1387 1220 1435 1258 et
1454 1209 1661 1259 barbara
1685 1227 1799 1275 gens
1830 1215 1947 1261 Tur-

523 1305 692 1336 corum
710 1326 722 1349 ‚
748 1289 911 1337 relicta
933 1288 1066 1336 ltalia
1079 1325 1092 1348 ‚
1115 1289 1163 1335 in
1189 1298 1336 1337 terras
1358 1289 1488 1337 unde
1506 1298 1704 1356 ‘venerat
1718 1327 1731 1351 ‚
1753 1290 1949 1356 repeda-

523 1366 606 1412 vit.
642 1365 788 1424 Quod
822 1382 922 1413 non
958 1364 1108 1412 modo
1147 1367 1233 1414 toti
1274 1366 1415 1414 ltaliae
1431 1403 1445 1427 ‚
1484 1383 1591 1432 quae
1612 1367 1946 1431 hujuscemodi

523 1453 698 1491 eventu
714 1439 941 1490 'exterrita
965 1443 1141 1504 fuerat,
1171 1442 1255 1490 sed
1287 1453 1335 1490 et
1367 1444 1545 1491 caeteris
1578 1443 1944 1493 christianorum

522 1521 657 1569 terris
681 1521 792 1569 satis
812 1519 999 1585 (gratiae
1025 1520 1147 1584 Deo)
1178 1519 1328 1568 fauste
1349 1537 1406 1568 ac
1424 1537 1652 1586 prospere
1672 1522 1810 1570 cessit
1823 1523 1853 1569 ⁴.

575 1717 593 1752 1
606 1744 615 1753 .
649 1716 857 1765 Offerentes
874 1714 970 1753 dans
986 1715 1023 1753 le
1042 1727 1114 1753 ms.

575 1779 615 1816 2.
645 1777 789 1816 Phrase
807 1777 1054 1829 incomplete.

576 1841 615 1878 3.
647 1842 698 1878 10
717 1839 934 1892 septembre
952 1835 1072 1879 1481.

576 1906 615 1943 la.
646 1903 754 1942 Voila
771 1915 912 1955 encore
925 1915 1003 1942 une
1015 1902 1225 1955 digression
1244 1915 1320 1954 que
1334 1903 1499 1942 l’auteur
1514 1901 1638 1940 aurait
1652 1915 1707 1954 pu
1719 1902 1912 1942 rattacher
1925 1905 1949 1943 ἐι

521 1965 706 2004 l’histoire
719 1965 767 2004 de
783 1964 898 2004 Louis
907 1968 980 2013 XI,
995 1965 1053 2004 s'il
1066 1965 1169 2004 avait
1186 1965 1317 2004 mieux
1332 1977 1462 2004 connu
1472 1964 1528 2003 les
1545 1963 1698 2006 affaires
1717 1964 1766 2003 de
1782 1966 1944 2006 France.

522 2030 582 2067 On
599 2028 680 2066 voit
698 2041 767 2082 par
785 2041 862 2066 une
880 2028 990 2080 piece
1006 2041 1082 2080 que
1094 2029 1492 2080 Lenglet-Dufresnoy
1505 2040 1528 2065 a
1543 2026 1697 2080 publiee
1707 2028 1946 2078 (commines,

522 2100 549 2130 t.
574 2093 640 2138 IV,
661 2105 701 2143 p.
728 2093 774 2130 2¹
783 2094 837 2139 5),
858 2091 973 2142 qu'en
994 2093 1115 2140 1479,
1131 2091 1248 2130 Leuis
1270 2093 1328 2130 XI
1348 2089 1503 2143 prevint
1520 2090 1557 2146 ie
1574 2089 1633 2128 roi
1651 2089 1701 2128 de
1714 2085 1854 2142 Naples
1870 2102 1949 2142 que

522 2154 559 2192 le
582 2153 830 2192 Grand-Turc
841 2154 946 2192 avait
964 2153 1031 2192 fait
1053 2153 1091 2192 la
1109 2153 1200 2205 paix
1217 2166 1312 2192 avec
1330 2153 1366 2191 le
1383 2152 1531 2191 soudan
1544 2146 1732 2203 d’Egypte
1749 2150 1846 2190 dans
1856 2150 1949 2190 Pin-

525 2216 670 2254 tention
689 2215 891 2254 d'envahir
911 2215 1048 2255 l’Italie
1073 2215 1162 2254 l’ete
1190 2215 1356 2254 suivant.
1385 2217 1443 2253 En
1468 2222 1600 2261 outre,
1620 2213 1658 2252 le
1678 2216 1854 2252 Dim-ium
1876 2216 1949 2252 Ro-

523 2293 674 2317 manum
705 2278 754 2317 de
778 2281 942 2330 Jacques
971 2278 1021 2317 de
1050 2279 1224 2317 Volterre
1251 2279 1447 2329 (Scriptor.
1481 2290 1554 2318 rer.
1584 2279 1676 2316 Ital.
1691 2307 1702 2326 ,
1729 2284 1757 2315 t.
1788 2279 1947 2326 XXIII,

522 2341 597 2381 col.
624 2343 716 2390 123)
739 2354 838 2380 nous
863 2340 1038 2393 apprend
1055 2343 1172 2392 qu'au
1196 2340 1294 2379 mois
1312 2340 1361 2379 de
1379 2352 1481 2379 mars
1501 2340 1599 2378 1481
1623 2352 1701 2377 une
1724 2337 1950 2379 ambassade

524 2405 576 2444 du
601 2405 659 2443 roi
680 2405 729 2443 de
753 2406 901 2443 France
918 2404 993 2442 alla
1016 2404 1204 2456 proposer
1226 2416 1276 2441 au
1300 2415 1401 2455 pape
1426 2415 1480 2441 un
1500 2399 1660 2456 ‘subside
1685 2400 1733 2439 de
1750 2401 1843 2440 trois
1861 2411 1950 2441 cent

524 2468 628 2506 mille
648 2468 738 2506 ecus
757 2466 858 2514 d'or,
878 2467 973 2505 dont
995 2466 1050 2505 les
1070 2465 1172 2505 deux
1196 2466 1286 2504 tiers
1309 2467 1332 2504 a
1348 2464 1516 2517 prendre
1531 2463 1598 2503 sur
1615 2464 1652 2502 le
1669 2464 1812 2516 clerge,
1840 2480 1858 2498 α
1877 2463 1950 2503 sub

528 2547 546 2564 «
568 2527 852 2568 conditionibus
872 2537 1014 2575 tamen,
1037 2545 1055 2564 w
1077 2528 1205 2576 ajoute
1222 2528 1259 2566 le
1275 2527 1551 2578 chroniqueur‚
1572 2543 1589 2561 u
1608 2539 1694 2578 quae
1712 2526 1806 2565 mihi
1822 2526 1949 2565 adhuc

529 2611 545 2627 «
570 2593 721 2644 penitus
744 2600 832 2631 sunt
848 2591 1003 2643 ignotae.
1026 2608 1042 2626 »
1066 2594 1123 2630 De
1139 2604 1210 2630 son
1225 2591 1327 2638 cote,
1344 2589 1461 2628 Louis
1472 2591 1531 2628 XI
1544 2589 1712 2628 recevait
1727 2602 1779 2628 au
1796 2588 1950 2628 Plessis—

525 2657 747 2703 les-Toum,
778 2655 815 2694 le
834 2658 886 2695 29
909 2655 1006 2694 avril
1031 2654 1207 2702 suivant,
1229 2667 1283 2693 un
1303 2663 1429 2692 nonce
1451 2653 1503 2692 du
1529 2666 1628 2706 pape
1652 2652 1719 2705 qui
1739 2652 1871 2693 venait
1895 2651 1950 2691 lui

526 2717 735 2756 demander
753 2731 823 2755 son
842 2718 959 2771 appui
979 2726 1113 2756 contre
1130 2717 1186 2755 les
1204 2719 1338 2764 Tures,
1363 2725 1401 2754 et
1424 2717 1460 2755 le
1481 2716 1662 2769 prevenir
1677 2715 1822 2768 qu’une
1841 2714 1950 2754 treve

526 2780 573 2818 de
601 2780 692 2819 trois
723 2793 791 2819 ans
816 2781 920 2819 allait
943 2783 1024 2820 etre
1051 2781 1239 2833 proposee
1262 2793 1338 2819 aux
1363 2780 1514 2832 princes
1541 2779 1589 2818 de
1613 2780 1794 2830 l’Europe
1820 2782 1899 2829 par
1914 2778 1950 2816 le
