2060 3392
683 287 832 326 LIBER
860 288 1110 326 SEPTIMUS.
1527 290 1605 328 185

254 377 365 423 Haec
405 373 602 440 quidem
641 373 910 422 adulatores
947 375 1104 422 dicere
1143 384 1408 440 potuerunt
1421 412 1434 437 ,
1471 375 1611 441 [sicut

192 452 257 519 et]
283 453 473 518 «impio
497 471 508 500 :
533 452 685 517 justus
701 468 780 511 es3
804 468 927 516 quos
946 453 1116 501 merito
1137 451 1423 500 maledicent
1442 455 1610 518 populi

192 540 241 578 et
257 529 614 579 detestabuntur
627 528 779 576 tribus
799 549 843 590 »3
860 545 974 577 nam
994 546 1158 578 revera
1173 529 1442 578 volentibus
1457 546 1610 593 agno-

193 625 323 659 scere
357 618 405 656 et
436 608 569 656 fateri
598 609 868 670 veritatem,
912 609 1044 656 nulla
1087 607 1278 656 suberat
1319 607 1612 656 rationabilis

193 701 336 735 causa
353 695 549 752 propter
577 702 722 751 quam
745 702 946 750 regnum
974 687 1115 745 illud,
1142 686 1389 752 quondam
1421 686 1614 733 nobilis-

193 764 393 821 simum,
439 772 487 810 et
518 764 620 827 ejus
658 764 831 811 accolae
860 764 1002 811 tantis
1036 765 1211 811 militiae
1245 774 1291 812 et
1326 764 1613 812 tributorum

193 840 484 906 ponderibus
506 841 748 904 aggravari
778 839 1008 888 deberent
1031 859 1041 887 :
1075 842 1283 906 primum
1301 842 1414 906 quia
1434 858 1463 889 a
1478 842 1613 888 nullo

193 917 406 965 humano
432 917 593 978 hoste,
620 918 670 964 in
689 934 787 982 quo
809 919 1075 984 quidquam
1093 919 1401 966 humanitatis
1421 921 1611 979 inesset,

195 996 387 1043 saeviora
415 1005 625 1044 metuere
657 1006 877 1061 poterant
890 1033 902 1057 ‚
935 1012 1081 1061 quam
1115 1013 1219 1062 quae
1234 1000 1246 1021 ¹
1280 1014 1308 1045 a
1351 1014 1437 1044 suo
1480 1014 1612 1061 rege,

196 1064 293 1119 imo
312 1082 517 1136 tyranno
529 1074 872 1132 crudelissimo,
890 1075 1182 1138 iniquissime
1201 1075 1612 1140 perpetiebantur3

195 1149 278 1214 qui
300 1165 382 1198 eos
411 1151 473 1198 ad
504 1160 686 1198 tantam
720 1152 958 1199 miseriam
988 1152 1070 1199 tali
1100 1168 1186 1200 sua
1219 1153 1468 1216 tyrannide
1499 1169 1618 1218 per-

196 1226 394 1275 duxerat
411 1265 423 1286 ,
465 1238 520 1275 ut
564 1228 641 1275 vix
687 1230 927 1277 numerari
965 1230 1148 1294 possint
1192 1230 1360 1295 populi
1400 1247 1523 1294 quos
1561 1247 1617 1277 ex

196 1303 471 1368 hujusmodi
494 1322 580 1354 sua
603 1307 849 1370 iniquitate
870 1307 1132 1371 profligarit
1146 1310 1160 1333 ³
1181 1317 1228 1354 et
1247 1308 1310 1355 ad
1331 1317 1511 1355 exteras
1541 1324 1621 1355 na-

198 1382 373 1442 tiones,
408 1384 551 1430 etiam
580 1382 798 1445 hostiles,
825 1393 879 1430 ut
909 1394 980 1431 est
1002 1400 1201 1447 regnum
1227 1384 1425 1447 Angliae,
1460 1385 1620 1448 fugere

199 1461 431 1523 coegerit,
465 1470 606 1524 atque
641 1461 763 1508 same
792 1469 839 1507 et
869 1461 1070 1525 penuria
1102 1462 1336 1526 variisque
1367 1461 1480 1508 inde
1502 1478 1619 1508 con-

199 1538 356 1584 tractis
385 1537 740 1601 aegritudinibus
767 1537 970 1586 deficere
994 1549 1042 1585 et
1058 1540 1211 1604 perire
1228 1575 1241 1597 ,
1268 1539 1358 1586 illis
1385 1540 1621 1607 praecipue

198 1615 390 1664 duobus
423 1618 562 1665 annis
604 1612 714 1665 ante
756 1617 943 1664 obitum
978 1633 1144 1677 suum,
1182 1617 1357 1681 quibus
1398 1634 1622 1681 agrorum

200 1693 439 1741 sterilitate
466 1693 613 1741 fames
642 1695 797 1742 valida
819 1693 994 1741 Gallias
1018 1710 1152 1758 paene
1173 1696 1415 1742 universas
1437 1695 1618 1742 afflixit.

203 1771 318 1827 Quae
337 1771 617 1818 miserorum
636 1772 985 1835 regnicolarum
1007 1771 1191 1834 flagella
1210 1782 1351 1836 atque
1371 1773 1496 1819 mala
1512 1790 1623 1821 cum

204 1845 294 1893 sibi
316 1847 626 1908 referrentur,
652 1859 706 1895 ut
724 1849 934 1912 aliquam
960 1849 1290 1912 impositarum
1318 1850 1623 1897 collectarum

205 1923 476 1987 portionem
508 1926 790 1984 remitteret,
829 1940 916 1972 nec
950 1941 1101 1971 unum
1131 1925 1382 1972 denarium
1415 1927 1625 1974 relaxan-

206 1998 324 2046 dum
346 2000 493 2048 duxit.

665 2188 1006 2235 CAPITULUM
1040 2191 1161 2236 XIV.

553 2310 604 2343 De
624 2309 831 2345 fortitudine
852 2319 886 2346 et
908 2311 1109 2346 strenuitate
1123 2311 1293 2359 ejusdem.

277 2418 347 2463 De
378 2417 650 2466 fortitudine
679 2423 791 2467 vero
822 2420 955 2468 locus
983 2423 1210 2487 exposcit,
1240 2433 1291 2478 ut
1311 2423 1450 2470 etiam
1477 2425 1628 2487 qualis

216 2492 264 2539 in
300 2509 359 2540 eo
386 2497 632 2558 enituerit,
665 2497 987 2545 discutiamus.
1025 2500 1167 2563 Cujus
1201 2501 1414 2565 profecto
1456 2502 1493 2548 si
1532 2502 1627 2548 vim

218 2568 527 2636 naturamque
548 2574 919 2636 consideremus,
945 2576 1063 2624 nihil
1083 2576 1205 2624 illius
1226 2579 1510 2624 excellentiae
1535 2580 1627 2625 vir-

271 2713 309 2750 1.
336 2713 408 2752 Ms.
426 2715 563 2764 quodq.

271 2774 310 2811 2.
342 2775 413 2812 Ms.
426 2776 684 2828 profligarint.
