2060 3392
0 667 2 682 —
0 572 13 646 ’ήῃμ-
0 431 11 554 ffv—-UJ

711 318 861 356 mm
886 318 1092 356 SEXTUS.
1556 325 1606 361 45

190 419 373 452 annum
392 397 627 452 duraturae
646 441 659 466 ,
682 405 849 470 populi
867 405 1096 453 Flandriae
1127 415 1174 453 et
1208 408 1473 455 Hannoniae
1486 446 1499 470 ‚
1537 410 1606 456 vi·

191 481 396 530 einiores
415 483 634 528 Tornaco
650 518 664 542 ‚
683 490 871 545 treugas
895 498 1080 530 servare
1097 482 1211 548 ipsis
1230 484 1607 534 Tornacensibus

191 558 506 620 recusabam:
542 557 737 606 eosdem
752 596 765 619 ,
813 559 852 606 si
889 559 953 607 ad
985 560 1164 626 oppida
1179 598 1192 622 ‚
1230 562 1491 610 necessaria
1523 579 1607 609 co-

191 635 384 684 emendi
417 635 566 699 gratia
584 672 597 696 ,
622 635 923 683 divertebant
939 673 952 697 ‚
976 638 1052 684 vel
1076 637 1327 700 caedendo,
1359 639 1436 686 vel
1463 638 1607 687 rebus

182 713 289 763 *suis
309 712 561 780 spoliando
583 722 727 777 atque
748 714 889 761 variis
910 714 1093 778 injuriis
1115 716 1384 764 afficiendo.

258 793 352 838 Pro
374 790 549 856 quibus
565 828 578 852 ,
604 807 716 838 cum
747 791 876 856 apud
907 808 1066 855 regem
1087 794 1239 857 questi
1265 794 1465 858 graviter
1494 794 1608 841 fuis-

191 878 321 931 sent,
343 862 446 917 'hoc
476 869 633 916 solum
666 869 863 916 remedii
894 872 1122 935 consequi
1154 881 1413 936 potuerunt
1442 872 1574 936 quod
1593 909 1606 933 ,

192 963 305 994 cum
333 947 430 995 suis
459 945 677 994 hostibus
691 984 704 1009 ,
742 963 838 1011 qua
876 948 1073 996 meliore
1101 959 1150 996 et
1184 948 1512 996 commodiore
1534 950 1611 997 via

191 1033 402 1089 possent,
426 1024 794 1089 paciscerentur.
821 1024 965 1083 Quod
988 1035 1036 1073 et
1058 1025 1288 1088 fecerunt,
1316 1026 1514 1091 polliciti
1542 1027 1613 1073 in·
1660 1074 1665 1082 ,

192 1111 333 1150 antea
354 1117 405 1149 se
422 1117 524 1149 non
548 1112 823 1168 recepturos
846 1102 1062 1167 praesidia
1086 1103 1292 1151 militum
1322 1105 1442 1167 regis
1472 1104 1523 1151 in
1551 1105 1613 1151 ci·

190 1179 336 1229 vitate
369 1195 455 1227 sua
476 1182 508 1241 ¹,
552 1180 591 1228 si
629 1190 737 1245 post
768 1190 956 1243 treugas
991 1180 1054 1228 ad
1089 1181 1297 1229 recidiva
1328 1181 1455 1230 bella
1493 1182 1614 1229 soret

192 1255 575 1318 deveniendum3
601 1257 683 1304 sed
706 1273 755 1305 se
774 1295 787 1319 ,
814 1267 1044 1322 tanquam
1069 1259 1303 1307 neutrales
1322 1297 1335 1321 ,
1361 1259 1547 1323 quietos
1566 1270 1614 1307 et

192 1332 369 1382 liberos
384 1372 397 1396 ,
438 1350 719 1400 permanere
763 1345 811 1382 et
855 1336 1103 1383 continere
1140 1336 1338 1398 debere,
1383 1336 1614 1401 permissa

192 1409 343 1460 libera
359 1411 580 1460 facultate
604 1429 689 1478 per
709 1422 857 1460 terras
885 1412 1021 1459 ducis
1034 1450 1047 1474 ,
1075 1429 1208 1478 aeque
1229 1423 1283 1461 ut
1312 1430 1398 1479 per
1426 1413 1577 1478 regias
1596 1450 1611 1473 ,

191 1504 304 1536 cum
325 1489 527 1551 vellent,
553 1489 848 1552 transeundi,
878 1491 994 1537 etin
1018 1490 1198 1538 eisdem
1220 1507 1306 1538 sua
1326 1492 1615 1539 commercia

191 1575 239 1613 et
269 1567 614 1631 negotiationes
634 1566 783 1614 libere
805 1567 1074 1615 exercendi.
1111 1571 1171 1615 Et
1199 1568 1260 1616 de
1283 1568 1615 1632 hujuscemodi

193 1643 509 1707 promissione
541 1643 719 1691 litteras
747 1659 855 1691 suas
880 1644 1061 1692 validas
1091 1644 1203 1692 duci
1226 1646 1415 1693 Austriae
1445 1655 1493 1693 et
1520 1646 1616 1693 suis

193 1718 493 1768 tradiderunt
510 1723 541 1782 ²,
578 1721 779 1769 obtento
814 1722 1025 1786 primum
1061 1738 1204 1787 super
1242 1722 1339 1770 hoc
1379 1739 1616 1771 consensu

163 1799 357 1864 regis'.
386 1803 443 1846 Et
461 1799 559 1847 hoc
590 1799 740 1846 modo
772 1808 945 1862 treugae
978 1799 1215 1847 beneficio
1241 1799 1439 1848 demum
1473 1802 1617 1866 potiri

195 1882 487 1926 meruerunt.

260 1957 469 2003 Fuerunt
509 1964 669 2003 autem
693 1954 1024 2018 hujuscemodi
1055 1963 1230 2019 treugae
1263 1955 1400 2003 initio
1430 1965 1616 2004 utcum-

150 2043 153 2046 ·
197 2048 291 2097 que
313 2041 506 2080 servatae
527 2031 668 2095 (licet
690 2031 943 2094 Flamingis
968 2032 1239 2096 caeterisque
1260 2031 1460 2080 subditis
1483 2032 1618 2081 ducis

197 2188 250 2229 du
267 2191 313 2228 Η
335 2189 461 2239 juillet
481 2183 601 2239 ¹478,
625 2206 644 2224 α
667 2189 819 2228 donnee
837 2203 886 2229 au
903 2203 1016 2244 camp
1035 2191 1091 2230 lez
1108 2191 1145 2230 le
1163 2192 1282 2231 vieux
1299 2193 1466 2242 Vendin,
1489 2210 1507 2227 n
1527 2178 1644 2232 mit.

195 2252 235 2291 le
270 2252 600 2291 mouvellement
630 2252 747 2291 d’une
777 2253 966 2304 premiere
994 2254 1156 2292 conclue
1186 2256 1209 2292 a
1234 2257 1335 2293 Lens
1371 2256 1409 2294 le
1444 2259 1494 2295 18
1530 2269 1616 2308 sep-

179 2313 348 2354 tembre
365 2316 485 2354 ¹477.
505 2315 636 2354 L'acte
653 2315 702 2353 de
718 2315 822 2354 l’une
840 2324 878 2353 et
898 2315 946 2354 de
962 2316 1098 2356 l'auue
1116 2330 1158 2355 se
1176 2326 1312 2356 trouve
1331 2317 1426 2357 dans
1444 2319 1481 2356 le
1495 2321 1618 2370 Corps

197 2377 484 2430 Diplomatique
500 2377 548 2416 de
566 2380 758 2425 Dumont,
783 2386 812 2416 t.
833 2380 890 2416 111
912 2380 974 2426 (20
993 2379 1150 2431 partie),
1172 2393 1212 2431 p.
1236 2382 1286 2418 10
1305 2389 1344 2419 et
1361 2382 1427 2419 26.

252 2441 292 2479 1.
324 2455 346 2475 ι
363 2444 435 2478 Par
457 2440 508 2479 tel
540 2441 592 2488 si,
618 2453 694 2492 que
715 2439 853 2488 jamais
878 2453 928 2479 ne
958 2441 1185 2481 debvroient
1211 2443 1413 2495 recepvoir
1438 2442 1617 2495 garnison

199 2514 299 2554 pour
313 2502 370 2542 les
384 2502 581 2554 FrancoiS,
601 2516 640 2540 se
656 2506 692 2540 le
708 2517 777 2552 roy
791 2503 856 2552 η’]
872 2505 982 2542 estoit
997 2517 1043 2541 en
1054 2517 1256 2555 personne.
1272 2522 1292 2540 υ
1312 2505 1487 2552 Molinet,
1506 2513 1535 2543 t.
1557 2506 1616 2552 11,

199 2563 263 2604 ch.
282 2577 347 2603 tx.
1310 2562 1314 2565 ’

254 2628 294 2667 2.
328 2630 424 2667 Vas
440 2629 477 2668 la
494 2628 761 2668 sitim-manin
780 2629 828 2667 de
846 2629 923 2668 ran
941 2631 1061 2676 11:18,
1083 2619 1189 2668 s0’210n
1206 2630 1377 2669 Mounet.

255 2692 294 2728 3.
323 2691 600 2730 Inexactitude.
627 2694 682 2730 Le
699 2691 758 2730 roi
770 2691 906 2730 donna
926 2690 1109 2730 abolition
1134 2694 1247 2744 apres
1265 2693 1302 2731 le
1326 2692 1394 2730 fait
1412 2690 1613 2741 accompli.

200 2752 353 2800 L'acte,
379 2765 427 2791 en
456 2753 543 2792 date
564 2753 617 2792 du
641 2755 692 2793 29
717 2754 871 2803 janvier
896 2755 1022 2800 1479,
1053 2763 1110 2793 est
1140 2754 1234 2793 dans
1262 2755 1299 2792 le
1324 2753 1541 2794 Commines
1568 2752 1617 2792 de

199 2814 611 2867 Iaenglet-Dusresnoy‚
632 2826 660 2855 t.
679 2819 757 2864 111,
777 2830 816 2869 p.
841 2818 933 2855 557.
