2060 3392
633 325 780 363 LIBER
807 325 1078 364 SECUNDUS.
1490 326 1571 364 v373

154 413 247 464 sihi
271 414 589 465 conciliarunt
606 451 619 473 ‚
667 413 857 478 suisque
901 413 951 460 in
987 413 1080 461 hac
1123 429 1176 460 re
1217 412 1468 461 desideriis
1502 430 1575 462 as-

153 493 438 541 sentientem
473 492 549 540 vel
585 491 886 540 invenerunt
901 490 964 539 ad
993 490 1335 556 opprimendas
1369 489 1577 540 ecclesiae

153 569 395 619 libertates
416 572 474 618 ac
499 568 872 634 jurisdictiones,
907 568 981 617 vel
1006 568 1289 629 effecerunt,
1314 579 1369 616 ut
1397 568 1578 616 nullam

154 661 351 711 prorsus
394 661 453 693 ex
494 643 742 709 provincia
786 659 980 690 causam
1019 659 1103 690 seu
1148 643 1452 709 praelatorum
1493 659 1577 690 seu

154 722 433 787 quorumvis
466 721 671 769 aliorum
695 719 757 767 ad
779 719 956 768 dictam
986 720 1270 786 parlamenti
1298 719 1479 767 curiam
1502 720 1577 767 vel

153 809 286 849 extra
319 800 483 866 patriae
513 799 632 846 fines
659 797 850 845 devolvi
884 807 966 845 aut
1001 798 1192 846 tractari
1224 798 1481 863 patiantur.
1524 797 1580 843 Et

152 877 473 942 hocquidem
499 876 812 924 obtinuerunt
834 874 924 922 sub
943 885 1168 940 praetextu
1194 875 1441 940 cujusdam
1462 892 1581 940 prae-

153 956 276 1004 tensi
309 954 541 1021 privilegii
558 981 582 1012 ,·
610 953 742 1018 quod
767 974 790 997 «
828 963 1008 1001 cartam
1040 955 1429 1001 Normannorum
1449 971 1473 997 »
1497 968 1583 1017 ap-

153 1032 358 1100 pellant,
402 1031 535 1098 quod
577 1033 742 1097 utique
794 1031 965 1079 melius
1012 1041 1060 1079 et
1111 1032 1327 1078 veracius
1370 1031 1584 1078 dicerent

153 1119 296 1175 atque
318 1110 624 1159 nominarent
648 1130 671 1156 «
702 1125 941 1158 carcerem
972 1110 1364 1157 Normannorum
1381 1110 1410 1154 ¹.
1442 1126 1466 1152 »
1543 1124 1546 1125 ⁷

619 1308 962 1355 CAPITULUM
1001 1308 1102 1353 vll.

157 1443 210 1479 De
223 1442 363 1492 injuriis
380 1455 459 1491 φιτ,
475 1442 636 1490 quotidie
655 1443 810 1491 praelatis
826 1443 865 1478 in
881 1442 1105 1479 Normannia
1122 1442 1337 1486 inferuntur,
1357 1449 1484 1478 contra
1498 1453 1584 1488 quan

522 1501 661 1536 nullum
679 1501 865 1537 inveniunt
880 1502 972 1549 juris
990 1500 1202 1537 remedium.

222 1622 293 1668 Ita
308 1619 363 1668 fit
380 1629 433 1669 ut
451 1621 674 1685 quotiens
694 1621 865 1669 volunt
878 1622 991 1669 etin
1008 1620 1391 1686 quibuscumque
1409 1621 1580 1680 causis,

152 1697 263 1762 jura
286 1697 589 1763 praelatorum
609 1708 656 1746 et
677 1699 984 1746 ecclesiarum
1003 1699 1261 1764 provinciae
1274 1736 1287 1760 ,
1313 1697 1490 1762 quibus
1511 1698 1584 1744 in-

157 1773 405 1822 fensissimi
429 1775 675 1834 exsistunt,
696 1791 864 1822 eorum
880 1775 1234 1838 jurisdictiones
1254 1785 1303 1823 et
1323 1775 1579 1835 libertates,

158 1867 277 1916 quas
319 1852 552 1898 acerrimo
585 1861 941 1917 prosequuntur
983 1851 1098 1900 odio
1113 1889 1126 1913 ,
1164 1851 1444 1913 deturbent,
1492 1867 1583 1899 ca—

157 1929 453 1976 lumnientur
486 1940 534 1976 et
571 1929 812 1990 auferant,
845 1946 958 1977 cum
1004 1939 1216 1990 tantum,
1256 1929 1381 1994 proh
1408 1926 1577 1976 dolor!

159 2008 209 2054 in
251 2000 527 2070 hujusmodi
561 2006 746 2070 injuriis
775 2008 973 2072 impune
1007 2006 1267 2054 inferendis
1298 2006 1502 2071 praelatis
1536 2015 1585 2053 et

158 2083 484 2132 ecclesiasticis
514 2084 729 2148 personis
765 2083 946 2132 eisdem
970 2084 1128 2144 liceat,
1161 2092 1396 2147 quantum
1417 2082 1579 2130 libeat.

161 2161 299 2210 Unde
339 2160 392 2208 fit
432 2171 486 2209 ut
525 2161 739 2224 quotidie
784 2161 1092 2210 ecclesiarum
1131 2161 1309 2226 praelati
1349 2176 1457 2208 suas
1502 2160 1583 2207 de-

161 2238 343 2287 turbari
369 2238 723 2303 jurisdictiones
755 2248 804 2286 et
827 2239 1149 2286 immunitates
1181 2238 1517 2286 ecclesiasticas
1538 2248 1586 2285 et

162 2316 359 2382 deperdi
374 2352 387 2376 ,
415 2315 596 2380 absque
635 2316 732 2363 ullo
764 2316 884 2380 juris
920 2316 1153 2375 remedio,
1186 2316 1379 2363 videant
1409 2326 1456 2363 et
1488 2316 1586 2380 pati

165 2410 354 2441 necesse
393 2392 619 2441 habeant.
664 2392 809 2451 Quod
841 2393 955 2440 viris
988 2393 1214 2440 animosis
1254 2403 1302 2440 et
1343 2392 1461 2441 boni
1501 2393 1587 2440 zeli

162 2482 398 2537 quantum
419 2471 599 2519 doloris
615 2509 627 2532 ,
658 2472 906 2527 anxietatis
938 2482 1080 2536 atque
1108 2471 1377 2519 afflictionis
1403 2471 1584 2531 afferat,

163 2550 242 2596 vix
281 2548 568 2596 sufficienter
609 2549 810 2615 exprimi
850 2558 1026 2615 posset.
1072 2552 1179 2597 Jam
1214 2550 1429 2615 profecto
1476 2549 1559 2595 uni
1574 2577 1587 2584 -

163 2625 355 2689 cuique,
383 2642 483 2672 non
507 2626 655 2674 modo
674 2627 824 2690 judici
846 2627 989 2675 etiam
1015 2627 1322 2691 quantumvis
1342 2625 1584 2691 pedaneo,

221 2760 238 2795 1
250 2786 260 2797 .
289 2759 361 2795 Jeu
380 2755 428 2794 de
447 2764 546 2795 mots
564 2757 631 2808 qui
655 2770 706 2796 ne
724 2757 898 2796 s’entend
916 2759 1033 2809 qu’en
1053 2757 1215 2808 srancais
1232 2788 1242 2805 ‚
1272 2756 1309 2795 le
1332 2764 1411 2794 mot
1439 2755 1590 2794 chartre

166 2819 370 2873 designant
384 2821 406 2857 a
421 2819 459 2858 la
477 2818 548 2858 fois
566 2832 619 2859 un
642 2819 828 2873 privilege
845 2829 884 2860 et
902 2833 978 2860 une
996 2819 1145 2872 prison.
