2060 3392
439 281 513 318 368
996 250 1246 318 APoLOGIA
1256 308 1266 325 ‚

923 490 1269 536 CAPITULUM
1301 490 1360 535 V.

885 623 1006 659 Tertia
1019 623 1109 658 ratio
1127 622 1393 658 consolationis.

498 751 593 795 Nos
620 747 765 795 etiam
788 745 991 812 proinde
1022 762 1122 793 non
1156 761 1328 810 parum
1351 745 1580 792 felicitatis
1605 761 1704 792 esse
1729 760 1851 792 asse-

430 835 566 873 cutos
596 834 890 890 reputantes,
925 823 1057 888 quod
1089 839 1180 870 nec
1212 823 1362 871 oculis
1390 833 1647 888 tyrannum
1679 820 1853 882 intueri

430 912 571 966 atque
594 902 826 966 inspicere
848 900 1134 963 habeamus,
1159 917 1248 949 nec
1277 900 1400 949 mala
1431 901 1509 948 vix
1542 894 1846 967 enarrabilia,

430 979 603 1045 quibus
633 978 723 1026 sub
750 979 842 1027 isto
873 979 1171 1044 principante
1199 979 1474 1026 universum
1503 994 1704 1042 regnum
1726 977 1849 1042 ejus-

428 1074 521 1122 que
543 1057 737 1116 accolae,
763 1072 819 1104 ac
849 1057 1092 1122 potissime
1114 1057 1359 1122 provincia
1381 1056 1707 1118 Normanniae,
1733 1054 1852 1103 affli-

428 1128 604 1198 guntur
625 1144 672 1181 et
692 1144 972 1182 atteruntur.
1000 1137 1116 1192 Quae
1137 1145 1207 1182 est
1231 1136 1368 1183 tertia
1390 1134 1511 1182 ratio
1533 1135 1583 1181 in
1601 1134 1680 1182 his*
1697 1150 1851 1200 perse-

427 1213 700 1261 cutionibus
723 1211 1064 1259 consolationis
1085 1222 1271 1259 nostrae.

496 1315 518 1337 c<
543 1295 647 1340 Non
678 1291 771 1339 alia
794 1291 844 1337 in
871 1306 1014 1338 causa
1033 1310 1056 1335 »
1082 1290 1238 1355 inquit
1262 1291 1444 1353 Cicero,
1472 1310 1495 1335 «
1520 1292 1708 1338 Marcus
1731 1292 1849 1339 Cato

428 1369 531 1431 fuit,
558 1370 648 1417 alia
686 1369 857 1429 caeteri,
882 1368 966 1433 qui
996 1385 1045 1416 se
1075 1368 1125 1415 in
1160 1368 1308 1416 Africa
1336 1368 1504 1416 Caesari
1531 1368 1845 1416 tradiderunt.

426 1449 602 1494 Tamen
624 1448 817 1508 Catoni,
843 1446 974 1510 quod
999 1445 1089 1493 sibi
1112 1445 1442 1493 incredibilem
1471 1444 1642 1494 natura
1663 1445 1851 1493 tribuis-

427 1533 496 1571 set
515 1524 790 1587 gravitatem
810 1540 1012 1587 eamque
1027 1533 1256 1589 perpetua
1273 1524 1538 1571 constantia
1553 1523 1845 1586 roborasset,

427 1601 734 1649 moriendum
768 1601 928 1666 potius
962 1617 1108 1664 quam
1131 1601 1322 1664 tyranni
1342 1601 1499 1647 vultus
1528 1600 1849 1665 inspiciendus

427 1678 530 1726 suit.
562 1698 585 1724 »
613 1682 679 1726 Ex
706 1695 802 1743 qua
822 1678 1041 1743 profecto
1060 1679 1292 1726 sententia
1312 1679 1470 1742 colligi
1488 1678 1598 1726 licet
1616 1695 1724 1740 non*
1738 1695 1847 1744 par-

424 1772 534 1803 vam
557 1758 755 1820 gratiam
777 1756 880 1803 viro
909 1756 1039 1819 gravi
1061 1765 1202 1820 atque
1225 1756 1447 1821 sapienti,
1474 1756 1552 1803 cui
1574 1771 1671 1821 prae
1689 1756 1846 1803 omni-

421 1832 513 1881 bus
537 1835 673 1882 malis
705 1850 868 1881 amore
891 1833 1078 1898 justitiae
1104 1832 1404 1880 exsecrabilis
1434 1833 1647 1898 tyrannis
1667 1831 1848 1881 habea-

421 1921 515 1973 tur,
554 1913 745 1960 allatam
782 1928 899 1971 esse,
938 1910 1072 1976 quod
1106 1920 1313 1976 tyranno
1352 1927 1517 1958 coram
1551 1910 1737 1959 adstare
1772 1911 1847 1958 vel

421 2006 532 2036 eum
552 1990 702 2038 oculis
722 1989 895 2037 intueri
917 2006 1001 2037 seu
1023 1984 1274 2054 inspicere,
1303 1989 1442 2054 eique
1466 2005 1633 2055 parere
1651 1990 1847 2037 minime

421 2068 750 2133 compellatur,
789 2067 986 2132 quando
1023 2066 1309 2114 occumbere
1345 2067 1504 2132 potius
1541 2083 1687 2131 quam
1715 2077 1847 2115 tanta

420 2145 612 2210 percelli
646 2145 936 2206 infelicitate,
971 2143 1104 2208 quod
1135 2144 1325 2208 tyranni
1354 2144 1607 2209 inspiceret
1638 2145 1842 2204 vultum,

419 2223 605 2288 sapiens
628 2225 746 2271 Cato
776 2222 964 2286 delegit.
995 2221 1106 2284 Qui,
1135 2221 1175 2268 si
1197 2219 1259 2268 ab
1281 2221 1376 2269 alio
1398 2221 1489 2269 sibi
1509 2238 1678 2269 necem
1698 2238 1845 2288 prop-

418 2311 547 2349 terea
577 2302 843 2367 pertulisset
884 2301 1085 2359 illatam,
1121 2317 1223 2348 non
1264 2300 1354 2348 sibi
1386 2301 1477 2366 ipsi
1517 2301 1841 2363 conscivisset,

417 2379 588 2448 procul
601 2379 770 2443 dubio,
790 2396 879 2427 nec
895 2378 1163 2427 christianis
1176 2378 1472 2445 temporibus
1483 2378 1841 2445 vituperandus,

425 2458 509 2506 sed
541 2459 954 2507 commendandus
976 2458 1134 2523 potius
1162 2458 1440 2523 magnisque
1460 2458 1683 2507 laudibus
1703 2464 1846 2524 atque

422 2536 673 2602 praeconiis
702 2535 990 2584 attollendus
1023 2536 1159 2583 foret.
1185 2535 1323 2583 Unde
1346 2536 1629 2602 perpulchre
1656 2547 1846 2586 sanctus

416 2613 717 2678 Pygmenius,
742 2613 988 2678 presbyter
1010 2622 1058 2661 et
1073 2612 1244 2661 Christi
1266 2624 1446 2679 martyr
1465 2615 1713 2679 gloriosus,
1732 2631 1843 2663 cum

417 2693 653 2758 corporali
674 2709 926 2759 percussus
958 2693 1166 2741 caecitate
1197 2694 1438 2741 Julianum
1465 2704 1729 2760 apostatam
1752 2695 1842 2743 ob-

418 2770 548 2819 vium
573 2769 815 2819 habuisset
851 2770 1095 2820 sedentem
1128 2771 1178 2818 in
1213 2771 1364 2819 rheda
1387 2788 1531 2820 aurea
1564 2772 1717 2838 (cujus
1742 2773 1842 2840 ipse
