2060 3392
412 318 490 355 26⁶
985 315 1234 354 Ammon
1245 342 1256 361 ‚

411 405 568 470 datis),
593 406 721 453 illico
744 405 870 452 idem
891 404 989 451 dux
1006 403 1246 451 civitatem
1261 403 1513 466 ingressus,
1541 414 1716 467 magno
1739 416 1825 452 nu-

410 497 544 528 mero
569 481 808 544 regiorum
838 479 1046 526 militum
1070 478 1291 543 stipatus,
1333 494 1441 525 eam
1471 479 1667 537 nomine
1703 479 1827 543 regis

411 555 662 620 occupavit
693 564 834 618 atque
860 552 1108 619 intercepit
1121 554 1152 615 ¹,
1177 562 1246 614 et,
1277 551 1438 616 ejectis
1464 551 1690 617 praesidiis
1719 566 1826 618 qun

409 649 467 681 ex
487 642 622 698 parte
650 631 786 679 ducis
814 631 1114 678 Normanniae
1134 630 1230 678 illic
1262 631 1419 678 locata
1440 629 1650 691 fuerant,
1683 631 1825 679 simul

408 710 550 757 etiam
571 718 620 758 et
639 708 816 757 caeteris
836 707 1048 772 ejusdem
1067 707 1322 770 officiariis,
1344 707 1644 772 capitaneum
1659 717 1708 755 et
1723 707 1824 756 ha}-

406 788 555 835 livum
571 795 859 850 caeterosque
881 785 1135 834 officiarios
1155 784 1217 834 ad
1233 785 1432 836 civitatis
1452 794 1500 832 et
1524 785 1685 850 patriae
1704 785 1824 849 regi-

406 880 516 911 men
554 879 706 911 novos
738 863 861 926 regis
888 864 1084 911 nomine
1118 862 1342 923 instituit,
1372 863 1558 927 magnis
1585 863 1728 910 etiam
1750 878 1823 910 -ex

404 942 544 1005 regiis
565 940 792 989 militibus
827 941 923 990 illic
955 941 1106 1006 copiis
1143 940 1442 988 introductis·
1478 943 1534 988 Et
1565 941 1631 988 ita
1662 940 1823 1005 palam

405 1018 581 1066 sactum
603 1018 691 1066 fuit
718 1018 908 1083 qualem
939 1018 1158 1067 animum
1189 1017 1252 1065 ad
1273 1017 1521 1083 praefatum
1542 1033 1823 1080 germanum

404 1113 560 1158 suum,
592 1095 766 1144 ducem
791 1097 1112 1158 Normanniae,
1138 1111 1221 1144 rex
1241 1106 1446 1161 gereret,
1479 1111 1625 1161 quem
1649 1095 1822 1145 talibus

403 1174 806 1223 circumveniebat
829 1175 970 1223 dolis.

467 1254 672 1317 Hujusce
698 1254 858 1318 itaque
878 1253 979 1302 doli
1000 1269 1057 1302 ao
1077 1252 1363 1320 proditionis
1385 1261 1715 1301 commentum
1734 1253 1823 1302 ad—

403 1347 563 1378 versus
581 1331 946 1380 illustrissimum
967 1330 1140 1380 ducem
1156 1331 1460 1379 Normannioe
1481 1330 1750 1397 turpissime
1765 1345 1823 1379 ac

402 1407 626 1456 scelerate
651 1417 897 1456 exsecutus
917 1417 990 1455 est
1011 1422 1069 1455 ac
1097 1406 1302 1473 patravit
1328 1405 1456 1456 idem
1476 1406 1705 1454 Borbonii
1726 1406 1824 1455 dux

402 1484 492 1532 sub
531 1484 832 1533 fraudulenta
864 1484 1166 1532 simulatione
1200 1483 1359 1548 quod,
1387 1493 1617 1549 tanquam
1641 1484 1822 1548 legatus

402 1566 531 1631 pacis
548 1603 560 1627 ‚
591 1582 620 1614 a
640 1581 750 1629 rege
770 1564 833 1614 ad
860 1564 1084 1614 eumdem
1104 1565 1405 1613 transmissus
1426 1564 1569 1624 foret3
1595 1566 1678 1630 qui
1691 1602 1705 1627 ,
1731 1565 1823 1618 sibi

401 1644 565 1708 paucis
588 1653 698 1691 aute
719 1642 891 1691 diebus
911 1643 1174 1708 arctissimo
1198 1640 1375 1690 foedere
1394 1641 1658 1703 devinctus,
1673 1641 1822 1707 ipsius

402 1721 597 1768 nomine
629 1719 800 1769 urbem
834 1720 1186 1784 Rothomagum
1203 1720 1438 1786 pluraque
1460 1721 1623 1786 patriae
1640 1720 1821 1786 oppida

400 1807 541 1861 atque
560 1813 692 1846 arces
709 1799 759 1846 in
783 1797 1080 1846 deditionem
1099 1806 1358 1863 receperat.
1385 1796 1530 1855 Quod
1561 1807 1722 1845 autem
1743 1813 1821 1846 ac-

402 1885 505 1922 tum
523 1876 611 1922 fuit
625 1876 675 1923 in
697 1875 1060 1924 Ebroicensium
1078 1875 1284 1936 civitate,
1310 1891 1411 1922 non
1424 1891 1561 1922 secus
1575 1874 1820 1924 actitatum

398 1963 469 2001 est
485 1963 532 2001 et
552 1954 600 2000 in
628 1955 850 2002 Vernone
874 1954 1082 2021 oppido,
1108 1952 1171 2002 ab
1199 1951 1368 2000 eadem
1389 1952 1578 2021 civitate
1604 1962 1654 2000 et
1670 1955 1821 2001 Loco-

399 2031 532 2078 Veris
554 2047 653 2078 non
677 2031 881 2097 amplius
901 2031 1114 2096 quinque
1134 2031 1280 2080 leucis
1306 2029 1525 2078 distante.
1548 2031 1669 2078 Sunt
1691 2031 1819 2079 enim

400 2109 485 2155 tria
509 2108 839 2172 hujuscemodi
862 2109 991 2157 velut
1023 2109 1073 2158 in
1105 2108 1343 2173 triangulo
1367 2102 1642 2172 aequilatero
1667 2122 1819 2173 prope

399 2186 603 2234 invicem
626 2187 730 2235 sita.
760 2189 880 2235 Nam
905 2203 961 2234 ex
985 2186 1198 2235 Ebroicis
1214 2186 1297 2234 illo
1321 2186 1417 2234 dux
1439 2186 1567 2234 idem
1589 2183 1815 2232 Borbonii

398 2264 632 2327 trajiciens
649 2300 662 2326 ‚
690 2265 847 2329 ipsum
879 2264 1112 2330 oppidum
1140 2267 1416 2313 Vernonem
1443 2263 1656 2311 similiter
1673 2264 1818 2310 inter·

398 2343 548 2406 cepit,
570 2343 807 2406 similique
825 2343 1120 2390 vaframento
1145 2342 1257 2390 duci
1281 2331 1583 2390 Normauniae
1603 2335 1812 2388 abstulit.

463 2418 555 2465 Sed
578 2429 646 2480 et,
672 2429 724 2466 ut
758 2429 888 2467 certo
910 2421 1222 2483 cognovimus
1239 2457 1252 2482 ,
1285 2435 1367 2467 rex
1401 2419 1463 2467 ad
1491 2418 1652 2485 plures
1681 2418 1816 2466 villas

398 2496 770 2561 circumquaque
786 2497 967 2545 dictum
993 2498 1228 2563 oppidum
1238 2497 1510 2545 Loci-Veris
1527 2496 1577 2543 in
1597 2511 1696 2560 quo
1715 2504 1816 2542 erat

398 2573 540 2621 frater
569 2590 704 2636 suus,
734 2577 1003 2640 opperiens,
1032 2576 1102 2622 uti
1134 2576 1362 2636 diximus,
1392 2574 1655 2622 adventum
1689 2573 1815 2637 lega-

452 2697 490 2734 1.
521 2695 729 2745 Comparer
754 2694 790 2733 le
813 2693 909 2732 recit
933 2693 985 2732 du
1013 2694 1139 2732 meme
1158 2692 1226 2732 fait
1249 2692 1335 2743 deja
1360 2692 1542 2745 rapporte'
1569 2690 1664 2730 dans
1690 2685 1812 2730 l’flis-

398 2756 495 2795 toire
514 2756 567 2794 du
585 2756 704 2808 regne
724 2756 772 2794 de
791 2756 905 2795 Louis
922 2757 998 2804 XI,
1022 2763 1049 2797 t.
1071 2759 1109 2795 11
1122 2784 1133 2803 ‚
1153 2769 1194 2807 p.
1216 2758 1315 2803 153,
1334 2763 1373 2794 et
1391 2756 1447 2794 les
1467 2754 1642 2794 ven-siem
1659 2762 1813 2793 contra-

397 2819 575 2858 dictoires
593 2819 816 2871 rapportees
836 2832 884 2857 en
903 2827 1007 2858 note.
