2060 3392
424 230 471 298 7'4
786 259 1126 297 HISTORIARUM
1151 260 1390 297 LUDOVICI
1418 261 1474 297 XI

421 349 611 396 fratrem
630 347 854 395 adversus
881 347 1092 406 fratrem,
1121 355 1168 393 et
1187 362 1387 394 uxorem
1409 357 1577 396 contra
1597 349 1836 411 maritum,

420 426 536 474 odio
581 425 918 491 partialitatum
969 422 1297 485 inardescere3
1342 433 1390 472 et
1431 426 1840 488 quemadmodum

419 520 505 569 per
557 502 697 550 urbes
744 502 885 549 Italiae
935 500 1184 565 quondam
1229 500 1491 550 efferbuere
1537 503 1840 568 partialitates

419 581 700 628 Ghelforum
745 587 792 626 et
829 577 1215 626 Ghibellinorum
1263 578 1486 644 (quarum
1530 580 1760 628 nondum·
1788 581 1838 629 in

418 658 654 725 plerisque
687 657 804 705 locis
839 656 1039 704 omnino
1075 655 1257 705 radices
1287 657 1447 706 adhuc
1479 659 1649 707 evulsae
1682 660 1831 722 sunt),

419 737 483 784 ita
511 745 558 782 et
580 736 628 782 in
653 734 727 781 his
754 735 888 781 terris
906 733 1168 781 Hollandiae
1189 744 1235 781 et
1261 735 1630 799 Trajectensium
1652 753 1708 784 ac
1730 736 1838 784 fini-

418 813 543 859 timis
557 850 571 870 ,
598 827 664 859 se
708 810 830 858 odiis
874 826 930 859 ac
972 812 1110 859 sectis
1152 812 1491 877 partialitatum
1524 813 1840 878 insequuntur

418 889 573 936 Hoeck
602 897 648 937 et
670 887 921 953 Kabeljau,
947 887 1042 936 hoc
1065 899 1136 937 est
1167 892 1345 938 Hamus
1375 900 1424 938 et
1451 891 1593 938 Piscis
1609 895 1640 939 ¹.

480 971 596 1027 Quae
619 983 731 1015 cum
757 967 876 1014 citra
908 982 1062 1014 annos
1093 966 1348 1028 ducentos,
1377 977 1434 1015 >ut
1466 968 1627 1031 aiunt,
1665 979 1839 1019 exortae

415 1056 525 1093 sunt
538 1084 550 1107 ‚
592 1055 638 1093 et
680 1044 1041 1110 quodammodo
1092 1045 1255 1111 sopitae
1303 1045 1651 1112 detorpuerunt
1696 1057 1840 1114 atque

415 1123 723 1183 delituerunt,
750 1121 1094 1188 imperantibus
1116 1123 1308 1170 illustris
1330 1124 1571 1172 memoriae
1591 1123 1832 1192 Philippo,

414 1211 570 1266 patre,
599 1211 647 1248 et
671 1199 843 1248 Carolo
861 1236 873 1260 ,
900 1199 1003 1264 ejus
1035 1199 1159 1262 filio,
1184 1201 1579 1265 Burgundionum
1609 1200 1834 1265 ducibus,

414 1279 495 1342 qui
531 1294 609 1326 eas
642 1279 692 1325 in
720 1288 937 1344 apertum
963 1293 1214 1343 erumpere
1238 1288 1369 1325 metu
1393 1294 1645 1344 poenarum
1674 1278 1838 1346 prohi-

414 1356 619 1418 bebant,
644 1357 801 1404 statim
831 1365 991 1404 tamen
1005 1394 1017 1417 ‚
1042 1355 1172 1403 velut
1191 1355 1253 1403 ab
1276 1355 1438 1404 inseris
1463 1349 1684 1405 redivivae
1699 1395 1713 1420 ,
1738 1373 1838 1405 sese

413 1434 702 1494 attollentes,
740 1443 932 1481 mortuo
962 1433 1135 1495 Carolo
1169 1433 1292 1480 duce
1306 1471 1318 1494 ‚
1351 1449 1378 1481 e
1410 1433 1605 1482 latebris
1632 1435 1838 1498 emicue-

413 1522 524 1560 runt
545 1522 687 1577 atque
704 1512 866 1578 palam
881 1512 1178 1578 prodierunt.
1208 1513 1286 1560 Sic
1313 1522 1361 1560 et
1392 1513 1440 1560 in
1471 1512 1650 1575 Gallia,
1677 1522 1838 1562 nostra

411 1600 569 1649 aetate,
600 1606 700 1638 sese
733 1589 1005 1653 gravissime
1033 1599 1080 1636 et
1104 1590 1218 1637 odio
1240 1589 1531 1655 implacabili
1548 1604 1839 1656 prosequen-

413 1678 480 1714 tes
506 1667 634 1715 fuere
666 1667 1030 1731 Burgundiones
1063 1677 1110 1715 et
1142 1668 1226 1731 qui
1250 1667 1503 1715 Arminiaci
1532 1665 1832 1727 dicebantur.

412 1750 526 1804 Quae
546 1757 705 1797 tamen
727 1746 932 1794 infausta
953 1746 1098 1794 factio
1113 1748 1127 1771 ³
1141 1783 1155 1807 ,
1178 1763 1285 1811 quae
1304 1746 1464 1794 multis
1483 1745 1668 1794 civibus
1695 1754 1838 1809 atque

411 1825 621 1890 populis,
645 1825 769 1892 proh
789 1822 950 1873 dolor!
975 1824 1119 1872 e‘xitio
1137 1823 1224 1871 suit
1241 1840 1328 1889 per
1346 1838 1501 1871 annos
1518 1823 1705 1871 circiter
1721 1835 1838 1888 qua-

411 1902 651 1966 draginta,
690 1903 992 1954 miseratione
1026 1901 1189 1958 divina
1221 1901 1436 1949 obsoleta
1468 1911 1538 1949 est
1566 1910 1614 1949 et
1647 1901 1838 1967 penitus

410 1981 654 2028 exstincta.
683 1984 749 2028 Ea
770 1997 908 2042 vero,
939 1997 1044 2045 quae
1073 1978 1427 2027 Hoeckensium
1456 1989 1504 2027 et
1525 1977 1836 2027 Cabeliaven-

411 2059 532 2106 sium
569 2059 814 2107 inimicitia
856 2069 999 2123 atque
1029 2057 1288 2124 partialitas
1321 2057 1466 2121 vulgo
1502 2063 1832 2123 nuncupatur,

459 2218 503 2253 4.
538 2231 556 2250 ιι
571 2215 601 2252 Il
627 2215 726 2266 loyst
753 2215 902 2266 scavoir
923 2227 1000 2266 que
1024 2217 1065 2253 es
1089 2213 1231 2267 parties
1254 2213 1304 2252 de
1327 2212 1537 2261 Hollande,
1561 2211 1610 2251 de
1633 2209 1836 2266 tres-longs

409 2291 477 2316 ans
495 2290 517 2315 a
537 2290 658 2316 couru
677 2285 714 2315 et
733 2278 851 2330 regne
868 2291 946 2316 une
965 2276 1129 2315 division
1147 2276 1215 2315 des
1234 2276 1390 2329 parties,
1413 2275 1508 2314 dont
1523 2275 1604 2314 l’un
1622 2286 1664 2314 se
1681 2286 1837 2314 nomme

409 2354 476 2378 ouc
492 2349 531 2380 et
548 2341 706 2379 i'aultre
723 2340 915 2388 cabillaa;
939 2340 1034 2378 dont
1055 2340 1094 2378 le
1110 2353 1202 2378 nom
1221 2339 1269 2377 de
1286 2339 1394 2391 l'ung
1416 2338 1564 2390 signifie
1581 2351 1663 2389 ung
1680 2337 1835 2389 poisson

409 2403 475 2455 qui
492 2416 516 2442 a
535 2416 614 2455 ung
630 2411 742 2454 grant
758 2403 1029 2455 engoulement
1046 2412 1085 2441 et
1102 2403 1231 2456 large;
1245 2409 1284 2441 et
1298 2401 1448 2440 l'aultre
1463 2400 1611 2453 signifie
1623 2412 1703 2452 ung
1721 2400 1835 2452 engin

409 2467 457 2505 de
476 2467 532 2504 fer
555 2465 700 2504 crochu
723 2473 761 2503 et
787 2466 958 2517 tres-aga
983 2479 1053 2517 par
1073 2466 1200 2517 lequel
1227 2465 1254 2504 il
1282 2477 1324 2504 se
1348 2463 1472 2517 prend
1498 2471 1538 2502 et
1559 2463 1762 2515 estrangle.
1789 2465 1843 2501 Et*

409 2538 502 2581 peut
521 2537 620 2567 estre
638 2527 753 2579 qu'ilz
770 2540 795 2578 y
818 2536 886 2564 ont
911 2527 1052 2566 aulcun
1072 2528 1344 2566 entendement
1361 2527 1410 2565 de
1429 2526 1583 2564 mistero
1601 2539 1649 2564 en
1668 2538 1778 2576 cecy,
1799 2532 1836 2564 et

399 2586 403 2588 ’
410 2601 466 2629 est
489 2591 580 2630 bien
606 2589 915 2638 vraisemblable‚
936 2603 1086 2629 comme
1107 2591 1137 2629 si
1162 2604 1213 2629 on
1232 2589 1398 2629 vouloist
1420 2589 1503 2627 dire
1521 2602 1597 2640 que
1615 2588 1639 2626 l’
1644 2601 1722 2640 ung
1740 2600 1832 2626 con-

410 2655 531 2694 tend
518 2670 541 2693 a
560 2663 642 2693 tout
660 2654 858 2708 engouler,
879 2662 917 2691 et
937 2654 961 2691 Ρ
965 2655 1116 2693 aultre
1104 2669 1124 2692 a
1144 2655 1238 2692 faire
1256 2653 1467 2707 estrangler
1480 2653 1535 2691 les
1553 2651 1831 2705 engouleurs.»

410 2716 896 2766 Chastellain‚Cl1roniqae
918 2718 969 2753 du
989 2719 1062 2754 duc
1080 2717 1494 2767 Philippe‚ch.1.xx11.

464 2782 501 2817 Ξ.
534 2783 653 2818 Sect1'o
674 2779 768 2818 dans
788 2779 826 2817 le
848 2793 918 2816 nis.
