2060 3392
457 227 508 271 '26
820 234 1162 272 HISTORIARUM
1191 233 1427 271 LUDOVICI
1455 234 1510 271 xl

457 331 599 380 seret3
625 322 708 369 sed
733 321 1014 387 protrahens
1038 329 1241 384 tempus,
1267 329 1314 366 et
1333 320 1472 367 variis
1492 322 1875 373 excusationibus

457 415 620 447 causas
633 398 905 446 remorandi
936 413 1179 445 assumens
1195 397 1408 457 cursim¹‚
1426 407 1480 445 ut
1494 398 1598 446 talis
1609 399 1874 464 indignatio
1934 452 1937 453 a

456 477 583 540 regia
610 475 804 524 tandem
826 475 1122 538 aliquantum
1143 484 1383 540 tepescere
1413 486 1597 541 posset,
1627 476 1830 528 faciebat
1838 482 1868 526 '.

523 555 590 599 Eo
623 554 780 615 itaque
803 551 950 598 modo
974 550 1121 615 adjuti
1147 561 1193 599 et
1223 551 1408 599 liberati
1436 553 1666 603 Dolenses
1698 556 1872 605 auxilio

458 631 851 694 Burgundionum
873 639 1015 694 atque
1041 630 1356 692 Suitensium,
1376 631 1591 696 periculo
1608 633 1872 683 obsidionis

454 719 499 756 et
527 709 678 772 gravis
710 707 974 777 eis-exinde
995 708 1316 773 impendentis
1329 710 1566 759 servitutis
1588 721 1706 760 tunc
1724 714 1872 779 erepti

454 796 578 834 sunt.
603 786 745 834 ,Unde
776 795 990 832 secutum
1012 795 1081 833 est
1103 796 1156 834 ut
1175 796 1223 834 et
1245 797 1396 835 castra
1410 825 1423 849 ,
1451 805 1555 853 quae
1577 791 1693 854 regii
1718 791 1767 839 in
1792 808 1873 849 co·

453 866 618 912 mitatu
641 863 922 927 Burgundiae
942 875 1257 930 occuparant,
1283 866 1356 914 vel
1393 869 1746 932 expugnatione
1759 906 1772 931 ,
1797 871 1871 919 vel

452 941 694 989 deditione
723 942 971 1007 paululum
993 932 1160 1007 posta
1183 943 1603 1007 Burgundionibus
1620 961 1871 1015 recupera·

452 1030 632 1067 rentur.
672 1018 858 1078 Quibus
895 1020 1035 1067 etiam
1060 1036 1160 1067 non
1183 1022 1418 1083 contenti,
1443 1022 1527 1070 sed
1547 1037 1606 1070 ex
1635 1023 1779 1073 rebus
1801 1042 1871 1074 se·

450 1098 619 1145 cundis
641 1098 952 1145 animosiores
973 1097 1128 1145 effecti
1141 1135 1154 1159 ,
1177 1114 1277 1146 sese
1309 1100 1450 1147 etiam
1473 1101 1788 1150 extenderunt
1807 1104 1870 1152 ad

450 1175 830 1241 recuperandum
851 1174 1080 1223 ducatum
1106 1177 1387 1239 Burgundiae
1411 1194 1557 1241 quem
1590 1194 1675 1227 rex
1697 1181 1866 1242 modo,

449 1270 593 1317 quem
617 1254 844 1314 diximus,
882 1264 1214 1318 occupaverat.
1251 1257 1322 1302 De
1348 1271 1446 1319 quo
1469 1255 1519 1302 in
1540 1256 1866 1320 sequentibus,

450 1335 554 1378 Deo*
589 1331 808 1395 juvante,
847 1331 1120 1393 referemus,
1162 1333 1202 1379 si
1234 1333 1365 1397 prius
1397 1333 1630 1382 nonnulla
1659 1345 1788 1398 gesta
1819 1337 1867 1384 in

450 1409 669 1456 Flandria
689 1411 758 1456 et⁸
779 1409 944 1456 vicinis
961 1410 1096 1456 terris
1117 1411 1483 1459 narraverimus,

905 1609 975 1653 CA
984 1608 1245 1656 PITULUM
1280 1612 1400 1656 VIII.

495 1744 688 1787 Quomodo
714 1745 919 1780 Atrebatum
940 1757 1002 1780 rex
1021 1747 1128 1781 armis
1147 1747 1330 1793 acquisivit
1346 1776 1355 1791 ‚
1376 1756 1409 1783 et
1435 1749 1666 1784 Cammcum
1695 1756 1820 1798 sponte

983 1804 1002 1841 ’,
1068 1815 1105 1838 se
1123 1803 1233 1840 dedit.

512 1921 656 1985 [gitur
686 1937 767 1967 rex
782 1958 794 1981 ,
836 1922 901 1968 uti
927 1922 1149 1984 diximus,
1183 1940 1267 1988 spe
1290 1941 1435 1988 quam
1457 1924 1692 1974 habuerat
1718 1942 1867 1992 copu-

445 1999 575 2047 landi
599 1999 905 2046 matrimonio
931 2016 1066 2047 suam
1098 1999 1294 2048 filiolam
1317 2002 1462 2049 unico
1487 2001 1584 2049 filio
1618 2019 1724 2064 suo,
1750 1999 1868 2050 frus—

445 2086 609 2137 tratus,
635 2087 807 2123 cuncta
818 2077 1050 2123 hostiliter
1061 2087 1267 2140 vastans,
1283 2094 1527 2142 aggressus
1541 2089 1610 2127 est
1627 2079 1866 2128 Atrebates

445 2170 538 2200 suae
552 2153 723 2200 ditioni
742 2152 972 2218 subjicere
982 2154 1010 2200 '·.
1444 2149 1449 2153 ⁷

499 2305 536 2340 1.
567 2303 641 2341 Sic.

498 2367 535 2403 2.
568 2367 776 2416 Comparer
802 2365 840 2402 le
860 2364 955 2402 recit
985 2365 1034 2403 de
1062 2366 1280 2404 Commines
1306 2366 1372 2418 qui
1397 2367 1453 2405 dit
1479 2380 1555 2418 que
1583 2367 1619 2405 la
1650 2366 1789 2407 defaite
1813 2369 1864 2408 du

445 2426 519 2464 sire
538 2426 586 2464 de
605 2428 729 2466 Craon
755 2426 813 2465 fut
837 2427 1066 2479 compensee
1082 2427 1178 2465 dans
1197 2428 1342 2481 l’esprit
1359 2429 1412 2467 du
1431 2429 1579 2481 roi-par
1597 2442 1650 2467 un
1677 2439 1865 2484 avantage

445 2489 537 2540 qu⁷il
557 2488 661 2527 avait
677 2488 823 2528 obtenu
841 2489 929 2541 pres
950 2488 998 2527 de
1021 2490 1097 2541 Gy,
1116 2498 1156 2528 et
1172 2491 1291 2542 qu'on
1308 2505 1349 2530 se
1365 2500 1545 2530 contenta
1563 2491 1612 2530 de
1629 2493 1665 2531 Ie
1683 2492 1866 2533 destituet

445 2564 532 2589 sans
551 2550 709 2590 toucher
728 2553 749 2589 a
770 2565 829 2590 ses
848 2551 1044 2603 pensions.
1066 2553 1151 2591 Liv.
1173 2554 1239 2603 VI,
1257 2554 1319 2592 ch.
1341 2568 1403 2593 111.

498 2617 535 2653 3.
564 2617 629 2652 Ex
647 2614 741 2652 dans
757 2614 793 2652 le
816 2615 1038 2654 manuscrit.

499 2679 536 2715 4.
567 2679 640 2715 Les
665 2676 850 2716 hostilitas
878 2686 1012 2716 contre
1039 2682 1155 2717 Arras
1183 2680 1336 2719 avaient
1357 2682 1582 2721 commence
1601 2691 1718 2722 avant
1735 2692 1810 2734 que
1829 2683 1864 2720 Ie

448 2738 561 2777 choix
580 2739 628 2782 de
646 2739 681 2777 la
701 2739 892 2791 princesse
911 2742 976 2778 etit
991 2740 1050 2778 ete
1069 2740 1191 2779 rendu
1210 2741 1353 2794 public.
