2060 3392
465 226 468 231 ’
502 233 576 269 102
859 233 1199 271 HISTORIARUM
1227 232 1461 271 LUDovlCI
1490 235 1545 270 xl

499 319 656 368 nullus
680 332 782 369 erat
801 321 875 367 vel
899 336 1032 381 rarus
1049 356 1062 379 ,
1083 318 1166 382 qui
1189 318 1250 366 ab
1273 319 1340 366 eis
1362 319 1435 367 vel
1455 337 1624 386 operas
1648 332 1910 387 expeteret,

498 397 572 444 vel
598 397 859 447 artificata¹
893 405 1190 461 compararet
1206 433 1219 458 ,
1250 412 1423 462 magna
1455 397 1618 463 inopia
1645 398 1914 463 pariterque

498 475 656 523 inedia
685 475 822 523 famis
841 473 1195 540 premebantur.

561 555 691 611 Quas
730 553 887 601 clades
917 552 1059 599 etiam
1088 551 1300 616 plurium
1337 568 1467 599 mors
1499 561 1644 616 atque
1672 553 1908 615 interitus,

496 638 670 678 tum'ex
689 630 910 679 moestitia
931 639 978 677 et
1003 630 1135 677 luctu
1147 667 1162 691 ‚
1181 640 1285 676 tum
1299 630 1439 678 variis
1457 647 1515 678 ex
1534 630 1908 694 aegritudinibus,

495 724 612 773 quas
646 708 793 755 fames
822 717 870 755 et
903 708 1102 772 penuria
1134 708 1409 755 victualium
1435 707 1788 773 parturiebant,
1812 708 1914 773 qui·

493 785 584 832 bus
607 774 803 850 perante
841 784 1127 834 sufficienter
1155 786 1280 833 vesci
1314 785 1440 833 soliti
1475 796 1632 846 erant,
1668 803 1695 834 e
1717 786 1912 854 vestigio

493 872 604 910 sunt
624 863 866 910 consecuti
886 881 898 922 ;
922 863 971 910 in
995 873 1274 928 tantumque
1299 873 1370 911 est
1388 864 1618 912 adauctus
1640 864 1913 916 mendican-

494 941 612 988 tium
632 957 859 988 numerus
887 940 1138 1005 cujuslibet
1160 942 1306 989 aetatis
1324 951 1465 1006 atque
1491 958 1652 1004 sexuS,
1679 952 1734 988 ut
1753 942 1814 991 de
1841 943 1912 1007 ip·

492 1018 554 1065 sis
583 1034 668 1082 per
691 1027 840 1066 totam
867 1034 1001 1082 paene
1027 1018 1267 1066 civitatem
1294 1018 1459 1083 plateae
1477 1017 1789 1084 replerentur.
1816 1020 1911 1077 Qui

491 1095 671 1143 nedum
698 1112 757 1143 ex
780 1096 968 1144 civitate
990 1107 1156 1156 erant;
1182 1097 1266 1145 sed
1289 1098 1432 1145 etiam
1450 1114 1507 1145 ex
1530 1097 1696 1145 vicinis
1720 1097 1842 1145 villis
1864 1108 1912 1146 et

492 1173 615 1236 agris
659 1172 744 1220 ubi
779 1174 971 1222 enutriti
1015 1174 1200 1222 fuerant
1217 1211 1230 1233 ‚
1264 1174 1482 1238 adigente
1514 1175 1813 1236 necessitate,
1847 1175 1910 1224 ad

491 1251 729 1299 civitatem
758 1268 847 1316 pro
879 1253 1006 1299 victu
1036 1253 1302 1300 necessario
1339 1252 1429 1300 sibi
1456 1252 1763 1317 procurando
1796 1269 1910 1301 con-

492 1328 720 1392 fugerant.
759 1333 964 1395 Eratque
997 1332 1221 1379 miserum
1245 1341 1292 1378 et
1313 1330 1617 1379 lamentabile
1638 1330 1799 1379 videre
1821 1331 1908 1379 im-

489 1405 668 1469 pletum
686 1406 736 1453 in
755 1406 850 1453 hoc
866 1407 1048 1472 populo
1065 1408 1197 1471 quod
1215 1408 1265 1455 in
1284 1407 1503 1469 Threnis,
1521 1424 1606 1472 per
1623 1407 1909 1472 prophetam

489 1483 762 1545 Jeremiam,
815 1483 876 1531 de
929 1485 1228 1549 lerosolymis
1272 1484 1460 1548 lugubri
1498 1485 1706 1532 carmine
1747 1495 1908 1533 canta-

489 1570 592 1607 tum
611 1562 613 1567 '
633 1560 744 1622 fuit,
781 1562 940 1625 quod,
977 1582 1000 1605 α
1037 1563 1119 1626 qui
1155 1563 1286 1628 prius
1323 1561 1655 1610 nutriebantur
1697 1562 1902 1623 croceis,

488 1640 740 1704 amplexati
770 1651 881 1687 sunt
914 1650 1139 1688 stercora.
1177 1661 1200 1685 »
1241 1644 1527 1704 Perurgente
1549 1640 1678 1688 enim
1707 1640 1906 1705 penuria

489 1715 719 1780 famisque
758 1716 941 1775 inedia,
979 1717 1212 1764 vilissimis
1255 1727 1303 1764 et
1337 1727 1448 1765 ante
1483 1733 1677 1782 prorsus
1712 1717 1906 1765 insuetis

488 1791 606 1840 cibis
621 1793 834 1858 plerique
852 1793 1227 1842 mendicantium
1244 1794 1574 1842 vescebantur.
1598 1797 1655 1841 Et
1675 1811 1818 1859 super
1831 1794 1906 1843 his

487 1872 683 1935 quidem
717 1872 1132 1938 compatiebantur
1158 1883 1205 1920 et
1241 1873 1592 1938 congemebant
1624 1874 1787 1934 multi3
1821 1873 1904 1922 sed

487 1949 799 1998 subveniebat
817 1950 990 1998 nullus.
1011 1951 1132 1998 Nam
1151 1951 1233 2016 qui
1249 1951 1346 2000 hoc
1364 1952 1452 1999 soli
1469 1951 1756 2017 potuissent,
1777 1967 1907 1999 aver-

487 2044 564 2074 sos
586 2045 778 2092 prorsus
799 2028 1043 2076 habebant
1063 2045 1093 2077 a
1113 2030 1498 2078 reconciliatione
1517 2039 1564 2076 et
1585 2045 1701 2094 pace
1719 2028 1905 2080 animos

487 2103 762 2153 obduratos.
815 2106 953 2153 Unde
988 2117 1035 2153 et
1081 2106 1333 2155 adversum
1374 2108 1610 2155 civitatem
1648 2116 1694 2153 et
1731 2106 1781 2152 in
1816 2122 1903 2153 eos

485 2182 651 2230 odium
670 2183 878 2248 plurium
900 2184 1069 2231 animis
1093 2185 1412 2234 cumularunt.

539 2333 556 2369 1
567 2360 575 2367 .
608 2330 727 2369 Matth
734 2360 742 2369 .
765 2331 998 2381 artficialia.
