<?xml version="1.0" encoding="UTF-8"?>
<!DOCTYPE html PUBLIC "-//W3C//DTD XHTML 1.0 Transitional//EN"
    "http://www.w3.org/TR/xhtml1/DTD/xhtml1-transitional.dtd">
<html xmlns="http://www.w3.org/1999/xhtml" xml:lang="en" lang="en">
 <head>
  <title>
</title>
<meta http-equiv="Content-Type" content="text/html;charset=utf-8" />
  <meta name='ocr-system' content='tesseract 3.04.00' />
  <meta name='ocr-capabilities' content='ocr_page ocr_carea ocr_par ocr_line ocrx_word'/>
</head>
<body>
  <div class='ocr_page' id='page_1' title='image "./histoiredesrgn03basiuoft_0229.png"; bbox 0 0 2060 3392; ppageno 0'>
   <div class='ocr_carea' id='block_1_1' title="bbox 674 364 1595 404">
    <p class='ocr_par' dir='ltr' id='par_1_1' title="bbox 674 364 1595 404">
     <span class='ocr_line' id='line_1_1' title="bbox 674 364 1595 404; baseline -0.004 1"><span class='ocrx_word' id='word_1_1' title='bbox 674 366 821 404; x_wconf 77' lang='lat' dir='ltr'>LIBER</span> <span class='ocrx_word' id='word_1_2' title='bbox 847 364 1099 404; x_wconf 79' lang='lat' dir='ltr'><strong>SEPTIMUS.</strong></span> <span class='ocrx_word' id='word_1_3' title='bbox 1519 365 1595 402; x_wconf 70' lang='lat'><strong>¹79</strong></span> 
     </span>
    </p>
   </div>
   <div class='ocr_carea' id='block_1_2' title="bbox 132 452 1619 1606">
    <p class='ocr_par' dir='ltr' id='par_1_2' title="bbox 132 452 1607 986">
     <span class='ocr_line' id='line_1_2' title="bbox 185 452 1598 520; baseline -0.002 -16"><span class='ocrx_word' id='word_1_4' title='bbox 185 454 538 504; x_wconf 79' lang='lat' dir='ltr'><strong>confiscationis</strong></span> <span class='ocrx_word' id='word_1_5' title='bbox 559 455 774 520; x_wconf 89' lang='lat' dir='ltr'><strong>corporis</strong></span> <span class='ocrx_word' id='word_1_6' title='bbox 795 463 842 501; x_wconf 90' lang='lat' dir='ltr'><strong>et</strong></span> <span class='ocrx_word' id='word_1_7' title='bbox 860 453 1129 502; x_wconf 85' lang='lat' dir='ltr'><strong>bonorum¹</strong></span> <span class='ocrx_word' id='word_1_8' title='bbox 1163 471 1174 500; x_wconf 78' lang='lat' dir='ltr'>z</span> <span class='ocrx_word' id='word_1_9' title='bbox 1211 453 1273 500; x_wconf 88' lang='lat' dir='ltr'><strong>de</strong></span> <span class='ocrx_word' id='word_1_10' title='bbox 1291 452 1467 517; x_wconf 89' lang='lat' dir='ltr'><strong>quibus</strong></span> <span class='ocrx_word' id='word_1_11' title='bbox 1488 455 1598 501; x_wconf 88' lang='lat' dir='ltr'><strong>satis</strong></span> 
     </span>
     <span class='ocr_line' id='line_1_3' title="bbox 174 524 1595 619; baseline -0.001 -38"><span class='ocrx_word' id='word_1_12' title='bbox 174 524 401 581; x_wconf 71' lang='lat' dir='ltr'><strong>‘sufficere</strong></span> <span class='ocrx_word' id='word_1_13' title='bbox 428 542 628 599; x_wconf 86' lang='lat' dir='ltr'><strong>possunt</strong></span> <span class='ocrx_word' id='word_1_14' title='bbox 651 548 756 596; x_wconf 84' lang='lat' dir='ltr'><strong>quae</strong></span> <span class='ocrx_word' id='word_1_15' title='bbox 780 547 923 619; x_wconf 80' lang='lat' dir='ltr'><strong>supra</strong></span> <span class='ocrx_word' id='word_1_16' title='bbox 943 532 1039 579; x_wconf 91' lang='lat' dir='ltr'><strong>suis</strong></span> <span class='ocrx_word' id='word_1_17' title='bbox 1059 532 1109 578; x_wconf 91' lang='lat' dir='ltr'><strong>in</strong></span> <span class='ocrx_word' id='word_1_18' title='bbox 1129 531 1246 579; x_wconf 85' lang='lat' dir='ltr'><strong>locis</strong></span> <span class='ocrx_word' id='word_1_19' title='bbox 1272 531 1593 580; x_wconf 85' lang='lat' dir='ltr'><strong>narravimus·</strong></span> <span class='ocrx_word' id='word_1_20' title='bbox 1582 568 1595 591; x_wconf 90' lang='lat'><strong>,</strong></span> 
     </span>
     <span class='ocr_line' id='line_1_4' title="bbox 185 608 1600 675; baseline -0.001 -17"><span class='ocrx_word' id='word_1_21' title='bbox 185 627 276 658; x_wconf 88' lang='lat' dir='ltr'><strong>nec</strong></span> <span class='ocrx_word' id='word_1_22' title='bbox 309 610 401 658; x_wconf 83' lang='lat' dir='ltr'><strong>alia</strong></span> <span class='ocrx_word' id='word_1_23' title='bbox 440 610 725 675; x_wconf 87' lang='lat' dir='ltr'><strong>quamplura</strong></span> <span class='ocrx_word' id='word_1_24' title='bbox 754 625 859 672; x_wconf 83' lang='lat' dir='ltr'><strong>quae</strong></span> <span class='ocrx_word' id='word_1_25' title='bbox 903 610 955 655; x_wconf 90' lang='lat' dir='ltr'><strong>in</strong></span> <span class='ocrx_word' id='word_1_26' title='bbox 989 608 1311 675; x_wconf 84' lang='lat' dir='ltr'><strong>superioribus</strong></span> <span class='ocrx_word' id='word_1_27' title='bbox 1346 608 1479 657; x_wconf 88' lang='lat' dir='ltr'><strong>libris</strong></span> <span class='ocrx_word' id='word_1_28' title='bbox 1513 627 1600 657; x_wconf 90' lang='lat' dir='ltr'><strong>suo</strong></span> 
     </span>
     <span class='ocr_line' id='line_1_5' title="bbox 185 686 1604 753; baseline -0.001 -17"><span class='ocrx_word' id='word_1_29' title='bbox 185 686 355 736; x_wconf 80' lang='lat' dir='ltr'><strong>ordine</strong></span> <span class='ocrx_word' id='word_1_30' title='bbox 394 697 504 735; x_wconf 85' lang='lat' dir='ltr'><strong>sunt</strong></span> <span class='ocrx_word' id='word_1_31' title='bbox 541 687 735 751; x_wconf 86' lang='lat' dir='ltr'><strong>digesta.</strong></span> <span class='ocrx_word' id='word_1_32' title='bbox 780 686 873 734; x_wconf 86' lang='lat' dir='ltr'><strong>Sed</strong></span> <span class='ocrx_word' id='word_1_33' title='bbox 916 687 1009 734; x_wconf 85' lang='lat' dir='ltr'><strong>alia</strong></span> <span class='ocrx_word' id='word_1_34' title='bbox 1042 686 1341 735; x_wconf 70' lang='lat' dir='ltr'><strong>adducemus</strong></span> <span class='ocrx_word' id='word_1_35' title='bbox 1372 699 1480 751; x_wconf 76' lang='lat' dir='ltr'><strong>&#39;quoe</strong></span> <span class='ocrx_word' id='word_1_36' title='bbox 1517 705 1604 753; x_wconf 87' lang='lat' dir='ltr'><strong>per</strong></span> 
     </span>
     <span class='ocr_line' id='line_1_6' title="bbox 132 763 1605 833; baseline -0.001 -20"><span class='ocrx_word' id='word_1_37' title='bbox 132 805 134 807; x_wconf 59' lang='grc'>,</span> <span class='ocrx_word' id='word_1_38' title='bbox 184 779 322 827; x_wconf 67' lang='lat' dir='ltr'><strong>etim,</strong></span> <span class='ocrx_word' id='word_1_39' title='bbox 348 780 437 833; x_wconf 83' lang='lat' dir='ltr'><strong>per</strong></span> <span class='ocrx_word' id='word_1_40' title='bbox 460 764 584 813; x_wconf 88' lang='lat' dir='ltr'><strong>duos</strong></span> <span class='ocrx_word' id='word_1_41' title='bbox 603 775 683 812; x_wconf 85' lang='lat' dir='ltr'><strong>aut</strong></span> <span class='ocrx_word' id='word_1_42' title='bbox 714 774 808 812; x_wconf 88' lang='lat' dir='ltr'><strong>tres</strong></span> <span class='ocrx_word' id='word_1_43' title='bbox 826 780 980 812; x_wconf 89' lang='lat' dir='ltr'><strong>annos</strong></span> <span class='ocrx_word' id='word_1_44' title='bbox 1009 774 1267 828; x_wconf 83' lang='lat' dir='ltr'><strong>antequam</strong></span> <span class='ocrx_word' id='word_1_45' title='bbox 1291 763 1422 812; x_wconf 81' lang='lat' dir='ltr'><strong>diem</strong></span> <span class='ocrx_word' id='word_1_46' title='bbox 1444 764 1605 813; x_wconf 81' lang='lat' dir='ltr'><strong>obiret</strong></span> 
     </span>
     <span class='ocr_line' id='line_1_7' title="bbox 184 842 1607 911; baseline 0.001 -21"><span class='ocrx_word' id='word_1_47' title='bbox 184 857 479 910; x_wconf 75' lang='lat' dir='ltr'><strong>mpremum,</strong></span> <span class='ocrx_word' id='word_1_48' title='bbox 508 858 596 911; x_wconf 88' lang='lat' dir='ltr'><strong>per</strong></span> <span class='ocrx_word' id='word_1_49' title='bbox 617 859 730 891; x_wconf 85' lang='lat' dir='ltr'><strong>eum</strong></span> <span class='ocrx_word' id='word_1_50' title='bbox 749 842 890 891; x_wconf 84' lang='lat' dir='ltr'><strong>fuisse</strong></span> <span class='ocrx_word' id='word_1_51' title='bbox 914 852 1042 906; x_wconf 86' lang='lat' dir='ltr'><strong>gesta</strong></span> <span class='ocrx_word' id='word_1_52' title='bbox 1065 842 1243 891; x_wconf 87' lang='lat' dir='ltr'><strong>factum</strong></span> <span class='ocrx_word' id='word_1_53' title='bbox 1268 851 1347 891; x_wconf 84' lang='grc' dir='ltr'>’θεῖ</span> <span class='ocrx_word' id='word_1_54' title='bbox 1381 843 1607 893; x_wconf 90' lang='lat' dir='ltr'><strong>omnibus</strong></span> 
     </span>
     <span class='ocr_line' id='line_1_8' title="bbox 185 921 520 986; baseline 0 -18"><span class='ocrx_word' id='word_1_55' title='bbox 185 921 520 986; x_wconf 69' lang='lat' dir='ltr'><strong>conspicuum.</strong></span> 
     </span>
    </p>

    <p class='ocr_par' dir='ltr' id='par_1_3' title="bbox 186 996 1619 1606">
     <span class='ocr_line' id='line_1_9' title="bbox 250 996 1609 1062; baseline 0.001 -16"><span class='ocrx_word' id='word_1_56' title='bbox 250 1000 372 1046; x_wconf 78' lang='lat' dir='ltr'><strong>Nam</strong></span> <span class='ocrx_word' id='word_1_57' title='bbox 405 1014 518 1046; x_wconf 86' lang='lat' dir='ltr'><strong>cum</strong></span> <span class='ocrx_word' id='word_1_58' title='bbox 558 997 621 1046; x_wconf 90' lang='lat' dir='ltr'><strong>ad</strong></span> <span class='ocrx_word' id='word_1_59' title='bbox 660 1013 794 1058; x_wconf 88' lang='lat' dir='ltr'><strong>eum,</strong></span> <span class='ocrx_word' id='word_1_60' title='bbox 838 997 1001 1062; x_wconf 87' lang='lat' dir='ltr'><strong>paucis</strong></span> <span class='ocrx_word' id='word_1_61' title='bbox 1038 996 1283 1045; x_wconf 91' lang='lat' dir='ltr'><strong>mensibus</strong></span> <span class='ocrx_word' id='word_1_62' title='bbox 1326 1008 1436 1046; x_wconf 85' lang='lat' dir='ltr'><strong>ante</strong></span> <span class='ocrx_word' id='word_1_63' title='bbox 1469 1016 1609 1047; x_wconf 88' lang='lat' dir='ltr'><strong>suum</strong></span> 
     </span>
     <span class='ocr_line' id='line_1_10' title="bbox 186 1074 1610 1139; baseline 0 -15"><span class='ocrx_word' id='word_1_64' title='bbox 186 1074 399 1138; x_wconf 83' lang='lat' dir='ltr'><strong>obitum,</strong></span> <span class='ocrx_word' id='word_1_65' title='bbox 431 1076 575 1123; x_wconf 85' lang='lat' dir='ltr'><strong>missa</strong></span> <span class='ocrx_word' id='word_1_66' title='bbox 604 1075 745 1124; x_wconf 86' lang='lat' dir='ltr'><strong>fuerit</strong></span> <span class='ocrx_word' id='word_1_67' title='bbox 770 1075 995 1123; x_wconf 89' lang='lat' dir='ltr'><strong>solemnis</strong></span> <span class='ocrx_word' id='word_1_68' title='bbox 1023 1076 1196 1139; x_wconf 85' lang='lat' dir='ltr'><strong>legatio</strong></span> <span class='ocrx_word' id='word_1_69' title='bbox 1232 1092 1288 1123; x_wconf 86' lang='lat' dir='ltr'><strong>ex</strong></span> <span class='ocrx_word' id='word_1_70' title='bbox 1320 1077 1454 1124; x_wconf 88' lang='lat' dir='ltr'><strong>terris</strong></span> <span class='ocrx_word' id='word_1_71' title='bbox 1476 1078 1610 1124; x_wconf 85' lang='lat' dir='ltr'><strong>Flan-</strong></span> 
     </span>
     <span class='ocr_line' id='line_1_11' title="bbox 187 1153 1611 1219; baseline 0.001 -17"><span class='ocrx_word' id='word_1_72' title='bbox 187 1153 324 1214; x_wconf 88' lang='lat' dir='ltr'><strong>driae,</strong></span> <span class='ocrx_word' id='word_1_73' title='bbox 366 1154 418 1201; x_wconf 92' lang='lat' dir='ltr'><strong>in</strong></span> <span class='ocrx_word' id='word_1_74' title='bbox 450 1169 548 1219; x_wconf 89' lang='lat' dir='ltr'><strong>qua</strong></span> <span class='ocrx_word' id='word_1_75' title='bbox 586 1154 710 1202; x_wconf 82' lang='lat' dir='ltr'><strong>inter</strong></span> <span class='ocrx_word' id='word_1_76' title='bbox 745 1154 904 1219; x_wconf 89' lang='lat' dir='ltr'><strong>plures</strong></span> <span class='ocrx_word' id='word_1_77' title='bbox 928 1153 1117 1201; x_wconf 87' lang='lat' dir='ltr'><strong>nobiles</strong></span> <span class='ocrx_word' id='word_1_78' title='bbox 1150 1164 1250 1202; x_wconf 88' lang='lat' dir='ltr'><strong>erat</strong></span> <span class='ocrx_word' id='word_1_79' title='bbox 1285 1155 1428 1202; x_wconf 88' lang='lat' dir='ltr'><strong>etiam</strong></span> <span class='ocrx_word' id='word_1_80' title='bbox 1461 1155 1611 1204; x_wconf 84' lang='lat' dir='ltr'><strong>abbas</strong></span> 
     </span>
     <span class='ocr_line' id='line_1_12' title="bbox 188 1231 1619 1298; baseline 0 -17"><span class='ocrx_word' id='word_1_81' title='bbox 188 1234 348 1281; x_wconf 87' lang='lat' dir='ltr'>Sancti</span> <span class='ocrx_word' id='word_1_82' title='bbox 395 1233 521 1279; x_wconf 90' lang='lat' dir='ltr'><strong>Petri</strong></span> <span class='ocrx_word' id='word_1_83' title='bbox 562 1231 622 1279; x_wconf 91' lang='lat' dir='ltr'><strong>de</strong></span> <span class='ocrx_word' id='word_1_84' title='bbox 666 1232 900 1280; x_wconf 87' lang='lat' dir='ltr'><strong>Gandavo</strong></span> <span class='ocrx_word' id='word_1_85' title='bbox 927 1235 957 1291; x_wconf 82' lang='lat'><strong>²,</strong></span> <span class='ocrx_word' id='word_1_86' title='bbox 1005 1232 1067 1280; x_wconf 90' lang='lat' dir='ltr'><strong>ad</strong></span> <span class='ocrx_word' id='word_1_87' title='bbox 1105 1232 1252 1280; x_wconf 88' lang='lat' dir='ltr'><strong>finem</strong></span> <span class='ocrx_word' id='word_1_88' title='bbox 1300 1235 1433 1298; x_wconf 92' lang='lat' dir='ltr'><strong>quod</strong></span> <span class='ocrx_word' id='word_1_89' title='bbox 1489 1237 1619 1283; x_wconf 87' lang='lat' dir='ltr'><strong>reci-.</strong></span> 
     </span>
     <span class='ocr_line' id='line_1_13' title="bbox 186 1311 1613 1380; baseline 0.004 -23"><span class='ocrx_word' id='word_1_90' title='bbox 186 1321 355 1378; x_wconf 88' lang='lat' dir='ltr'><strong>perent</strong></span> <span class='ocrx_word' id='word_1_91' title='bbox 392 1311 513 1375; x_wconf 86' lang='lat' dir='ltr'><strong>regis</strong></span> <span class='ocrx_word' id='word_1_92' title='bbox 547 1311 896 1374; x_wconf 83' lang='lat' dir='ltr'><strong>juramentum,</strong></span> <span class='ocrx_word' id='word_1_93' title='bbox 943 1327 1041 1375; x_wconf 90' lang='lat' dir='ltr'><strong>quo</strong></span> <span class='ocrx_word' id='word_1_94' title='bbox 1084 1312 1262 1361; x_wconf 86' lang='lat' dir='ltr'><strong>foedera</strong></span> <span class='ocrx_word' id='word_1_95' title='bbox 1298 1331 1356 1362; x_wconf 94' lang='lat' dir='ltr'><strong>eo</strong></span> <span class='ocrx_word' id='word_1_96' title='bbox 1396 1325 1613 1380; x_wconf 89' lang='lat' dir='ltr'><strong>tempore</strong></span> 
     </span>
     <span class='ocr_line' id='line_1_14' title="bbox 188 1387 1614 1454; baseline 0.003 -19"><span class='ocrx_word' id='word_1_97' title='bbox 188 1404 410 1454; x_wconf 90' lang='lat' dir='ltr'><strong>percussa</strong></span> <span class='ocrx_word' id='word_1_98' title='bbox 442 1405 553 1434; x_wconf 92' lang='lat' dir='ltr'><strong>cum</strong></span> <span class='ocrx_word' id='word_1_99' title='bbox 579 1387 891 1445; x_wconf 77' lang='lat' dir='ltr'><strong>illustrissimo</strong></span> <span class='ocrx_word' id='word_1_100' title='bbox 924 1388 1245 1436; x_wconf 82' lang='lat' dir='ltr'><strong>Maximiliano</strong></span> <span class='ocrx_word' id='word_1_101' title='bbox 1272 1400 1320 1437; x_wconf 89' lang='lat' dir='ltr'><strong>et</strong></span> <span class='ocrx_word' id='word_1_102' title='bbox 1351 1393 1484 1439; x_wconf 86' lang='lat' dir='ltr'><strong>terris</strong></span> <span class='ocrx_word' id='word_1_103' title='bbox 1518 1393 1614 1439; x_wconf 89' lang='lat' dir='ltr'><strong>suis</strong></span> 
     </span>
     <span class='ocr_line' id='line_1_15' title="bbox 188 1462 1615 1527; baseline 0.002 -15"><span class='ocrx_word' id='word_1_104' title='bbox 188 1464 530 1512; x_wconf 87' lang='lat' dir='ltr'><strong>roborarentur</strong></span> <span class='ocrx_word' id='word_1_105' title='bbox 559 1473 702 1527; x_wconf 87' lang='lat' dir='ltr'><strong>atque</strong></span> <span class='ocrx_word' id='word_1_106' title='bbox 733 1462 1037 1511; x_wconf 85' lang='lat' dir='ltr'><strong>firmarentur</strong></span> <span class='ocrx_word' id='word_1_107' title='bbox 1053 1501 1065 1523; x_wconf 96' lang='lat'><strong>,</strong></span> <span class='ocrx_word' id='word_1_108' title='bbox 1106 1475 1153 1512; x_wconf 93' lang='lat' dir='ltr'><strong>et</strong></span> <span class='ocrx_word' id='word_1_109' title='bbox 1176 1465 1434 1515; x_wconf 86' lang='lat' dir='ltr'><strong>intromissi</strong></span> <span class='ocrx_word' id='word_1_110' title='bbox 1467 1468 1615 1515; x_wconf 90' lang='lat' dir='ltr'><strong>iidem</strong></span> 
     </span>
     <span class='ocr_line' id='line_1_16' title="bbox 189 1541 1616 1606; baseline 0.003 -16"><span class='ocrx_word' id='word_1_111' title='bbox 189 1542 330 1606; x_wconf 86' lang='lat' dir='ltr'><strong>legati</strong></span> <span class='ocrx_word' id='word_1_112' title='bbox 359 1541 448 1589; x_wconf 91' lang='lat' dir='ltr'><strong>sub</strong></span> <span class='ocrx_word' id='word_1_113' title='bbox 479 1541 738 1589; x_wconf 86' lang='lat' dir='ltr'><strong>obscurum</strong></span> <span class='ocrx_word' id='word_1_114' title='bbox 771 1541 925 1589; x_wconf 87' lang='lat' dir='ltr'><strong>noctis</strong></span> <span class='ocrx_word' id='word_1_115' title='bbox 955 1542 1004 1590; x_wconf 90' lang='lat' dir='ltr'><strong>in</strong></span> <span class='ocrx_word' id='word_1_116' title='bbox 1036 1543 1297 1606; x_wconf 91' lang='lat' dir='ltr'><strong>quamdam</strong></span> <span class='ocrx_word' id='word_1_117' title='bbox 1325 1546 1616 1594; x_wconf 87' lang='lat' dir='ltr'><strong>camerulam</strong></span> 
     </span>
    </p>
   </div>
   <div class='ocr_carea' id='block_1_3' title="bbox 189 1618 1618 1759">
    <p class='ocr_par' dir='ltr' id='par_1_4' title="bbox 189 1618 1618 1759">
     <span class='ocr_line' id='line_1_17' title="bbox 190 1618 1617 1688; baseline 0.003 -21"><span class='ocrx_word' id='word_1_118' title='bbox 190 1620 240 1667; x_wconf 90' lang='lat' dir='ltr'><strong>in</strong></span> <span class='ocrx_word' id='word_1_119' title='bbox 273 1620 408 1684; x_wconf 89' lang='lat' dir='ltr'><strong>cujus</strong></span> <span class='ocrx_word' id='word_1_120' title='bbox 429 1619 605 1683; x_wconf 88' lang='lat' dir='ltr'><strong>angulo</strong></span> <span class='ocrx_word' id='word_1_121' title='bbox 641 1618 742 1683; x_wconf 92' lang='lat' dir='ltr'><strong>ipse</strong></span> <span class='ocrx_word' id='word_1_122' title='bbox 776 1635 857 1665; x_wconf 86' lang='lat' dir='ltr'><strong>rex</strong></span> <span class='ocrx_word' id='word_1_123' title='bbox 892 1618 1109 1679; x_wconf 90' lang='lat' dir='ltr'><strong>sedebat,</strong></span> <span class='ocrx_word' id='word_1_124' title='bbox 1151 1620 1218 1668; x_wconf 87' lang='lat' dir='ltr'><strong>ita</strong></span> <span class='ocrx_word' id='word_1_125' title='bbox 1254 1631 1308 1668; x_wconf 93' lang='lat' dir='ltr'><strong>ut</strong></span> <span class='ocrx_word' id='word_1_126' title='bbox 1341 1623 1419 1668; x_wconf 84' lang='lat' dir='ltr'><strong>vix</strong></span> <span class='ocrx_word' id='word_1_127' title='bbox 1456 1634 1617 1688; x_wconf 89' lang='lat' dir='ltr'><strong>posset</strong></span> 
     </span>
     <span class='ocr_line' id='line_1_18' title="bbox 189 1692 1618 1759; baseline 0.002 -18"><span class='ocrx_word' id='word_1_128' title='bbox 189 1692 375 1754; x_wconf 75' lang='lat' dir='ltr'><strong>videri,</strong></span> <span class='ocrx_word' id='word_1_129' title='bbox 412 1703 512 1740; x_wconf 85' lang='lat' dir='ltr'><strong>tam</strong></span> <span class='ocrx_word' id='word_1_130' title='bbox 559 1692 758 1740; x_wconf 87' lang='lat' dir='ltr'><strong>ridicula</strong></span> <span class='ocrx_word' id='word_1_131' title='bbox 806 1693 1088 1740; x_wconf 85' lang='lat' dir='ltr'><strong>salutatione</strong></span> <span class='ocrx_word' id='word_1_132' title='bbox 1131 1695 1260 1759; x_wconf 89' lang='lat' dir='ltr'><strong>ipsos</strong></span> <span class='ocrx_word' id='word_1_133' title='bbox 1308 1695 1505 1743; x_wconf 84' lang='lat' dir='ltr'><strong>adortus</strong></span> <span class='ocrx_word' id='word_1_134' title='bbox 1548 1708 1618 1745; x_wconf 88' lang='lat' dir='ltr'><strong>est</strong></span> 
     </span>
    </p>
   </div>
   <div class='ocr_carea' id='block_1_4' title="bbox 185 1769 1619 2758">
    <p class='ocr_par' dir='ltr' id='par_1_5' title="bbox 185 1769 1619 2758">
     <span class='ocr_line' id='line_1_19' title="bbox 190 1769 1617 1837; baseline 0.002 -18"><span class='ocrx_word' id='word_1_135' title='bbox 190 1769 392 1833; x_wconf 76' lang='lat' dir='ltr'><strong>legatOS,</strong></span> <span class='ocrx_word' id='word_1_136' title='bbox 415 1779 471 1816; x_wconf 91' lang='lat' dir='ltr'><strong>ut</strong></span> <span class='ocrx_word' id='word_1_137' title='bbox 488 1785 588 1816; x_wconf 88' lang='lat' dir='ltr'><strong>non</strong></span> <span class='ocrx_word' id='word_1_138' title='bbox 610 1769 764 1829; x_wconf 81' lang='lat' dir='ltr'><strong>facile,</strong></span> <span class='ocrx_word' id='word_1_139' title='bbox 786 1770 870 1833; x_wconf 90' lang='lat' dir='ltr'><strong>qui</strong></span> <span class='ocrx_word' id='word_1_140' title='bbox 891 1770 1136 1829; x_wconf 87' lang='lat' dir='ltr'><strong>audiisset,</strong></span> <span class='ocrx_word' id='word_1_141' title='bbox 1163 1787 1192 1818; x_wconf 88' lang='lat' dir='ltr'><strong>a</strong></span> <span class='ocrx_word' id='word_1_142' title='bbox 1211 1772 1307 1818; x_wconf 91' lang='lat' dir='ltr'><strong>risu</strong></span> <span class='ocrx_word' id='word_1_143' title='bbox 1329 1773 1545 1837; x_wconf 83' lang='lat' dir='ltr'><strong>profecto</strong></span> <span class='ocrx_word' id='word_1_144' title='bbox 1568 1792 1617 1822; x_wconf 90' lang='lat' dir='ltr'><strong>se</strong></span> 
     </span>
     <span class='ocr_line' id='line_1_20' title="bbox 192 1847 1619 1914; baseline 0.003 -19"><span class='ocrx_word' id='word_1_145' title='bbox 192 1847 436 1895; x_wconf 75' lang='lat' dir='ltr'><strong>continere</strong></span> <span class='ocrx_word' id='word_1_146' title='bbox 465 1847 720 1911; x_wconf 87' lang='lat' dir='ltr'><strong>potuisset,</strong></span> <span class='ocrx_word' id='word_1_147' title='bbox 756 1856 922 1911; x_wconf 86' lang='lat' dir='ltr'><strong>petens</strong></span> <span class='ocrx_word' id='word_1_148' title='bbox 944 1848 1134 1895; x_wconf 86' lang='lat' dir='ltr'><strong>veniam</strong></span> <span class='ocrx_word' id='word_1_149' title='bbox 1155 1848 1217 1895; x_wconf 88' lang='lat' dir='ltr'><strong>ab</strong></span> <span class='ocrx_word' id='word_1_150' title='bbox 1243 1849 1349 1914; x_wconf 91' lang='lat' dir='ltr'><strong>ipso</strong></span> <span class='ocrx_word' id='word_1_151' title='bbox 1377 1850 1551 1898; x_wconf 89' lang='lat' dir='ltr'><strong>abbate</strong></span> <span class='ocrx_word' id='word_1_152' title='bbox 1572 1862 1619 1899; x_wconf 88' lang='lat' dir='ltr'><strong>et</strong></span> 
     </span>
     <span class='ocr_line' id='line_1_21' title="bbox 192 1914 1619 1990; baseline 0.002 -19"><span class='ocrx_word' id='word_1_153' title='bbox 192 1922 371 1971; x_wconf 70' lang='lat' dir='ltr'><strong>caeteris</strong></span> <span class='ocrx_word' id='word_1_154' title='bbox 404 1918 622 1983; x_wconf 79' lang='lat' dir='ltr'><strong>collegiS,</strong></span> <span class='ocrx_word' id='word_1_155' title='bbox 670 1920 805 1986; x_wconf 89' lang='lat' dir='ltr'><strong>quod</strong></span> <span class='ocrx_word' id='word_1_156' title='bbox 839 1921 908 1968; x_wconf 88' lang='lat' dir='ltr'><strong>eis</strong></span> <span class='ocrx_word' id='word_1_157' title='bbox 945 1914 1187 1986; x_wconf 79' lang='lat' dir='ltr'><strong>assurgere</strong></span> <span class='ocrx_word' id='word_1_158' title='bbox 1222 1924 1421 1972; x_wconf 90' lang='lat' dir='ltr'><strong>minime</strong></span> <span class='ocrx_word' id='word_1_159' title='bbox 1460 1937 1619 1990; x_wconf 86' lang='lat' dir='ltr'><strong>posset</strong></span> 
     </span>
     <span class='ocr_line' id='line_1_22' title="bbox 194 1998 1618 2063; baseline 0.003 -16"><span class='ocrx_word' id='word_1_160' title='bbox 194 2016 283 2048; x_wconf 88' lang='lat' dir='ltr'><strong>nec</strong></span> <span class='ocrx_word' id='word_1_161' title='bbox 305 2007 450 2063; x_wconf 90' lang='lat' dir='ltr'><strong>caput</strong></span> <span class='ocrx_word' id='word_1_162' title='bbox 473 2014 613 2045; x_wconf 90' lang='lat' dir='ltr'><strong>suum</strong></span> <span class='ocrx_word' id='word_1_163' title='bbox 636 1998 972 2062; x_wconf 90' lang='lat' dir='ltr'><strong>discooperire.</strong></span> <span class='ocrx_word' id='word_1_164' title='bbox 1008 1999 1152 2056; x_wconf 91' lang='lat' dir='ltr'><strong>Quod</strong></span> <span class='ocrx_word' id='word_1_165' title='bbox 1174 2010 1300 2048; x_wconf 81' lang='lat' dir='ltr'><strong>certe</strong></span> <span class='ocrx_word' id='word_1_166' title='bbox 1314 2037 1325 2057; x_wconf 91' lang='lat'><strong>,</strong></span> <span class='ocrx_word' id='word_1_167' title='bbox 1353 2002 1440 2048; x_wconf 89' lang='lat' dir='ltr'><strong>etsi</strong></span> <span class='ocrx_word' id='word_1_168' title='bbox 1462 2003 1618 2051; x_wconf 90' lang='lat' dir='ltr'><strong>humi-</strong></span> 
     </span>
     <span class='ocr_line' id='line_1_23' title="bbox 185 2071 1618 2138; baseline 0.001 -14"><span class='ocrx_word' id='word_1_169' title='bbox 185 2073 334 2124; x_wconf 76' lang='lat' dir='ltr'><strong>litatis</strong></span> <span class='ocrx_word' id='word_1_170' title='bbox 365 2073 595 2122; x_wconf 90' lang='lat' dir='ltr'><strong>indicium</strong></span> <span class='ocrx_word' id='word_1_171' title='bbox 627 2073 851 2136; x_wconf 89' lang='lat' dir='ltr'><strong>cuiquam</strong></span> <span class='ocrx_word' id='word_1_172' title='bbox 883 2071 1035 2120; x_wconf 86' lang='lat' dir='ltr'><strong>videri</strong></span> <span class='ocrx_word' id='word_1_173' title='bbox 1060 2083 1269 2138; x_wconf 87' lang='lat' dir='ltr'><strong>poterat,</strong></span> <span class='ocrx_word' id='word_1_174' title='bbox 1313 2085 1473 2123; x_wconf 85' lang='lat' dir='ltr'><strong>tamen</strong></span> <span class='ocrx_word' id='word_1_175' title='bbox 1507 2078 1618 2126; x_wconf 90' lang='lat' dir='ltr'><strong>talia</strong></span> 
     </span>
     <span class='ocr_line' id='line_1_24' title="bbox 191 2148 1616 2220; baseline 0.001 -20"><span class='ocrx_word' id='word_1_176' title='bbox 191 2151 340 2201; x_wconf 83' lang='lat' dir='ltr'><strong>verba</strong></span> <span class='ocrx_word' id='word_1_177' title='bbox 360 2162 408 2199; x_wconf 89' lang='lat' dir='ltr'><strong>et</strong></span> <span class='ocrx_word' id='word_1_178' title='bbox 434 2162 534 2200; x_wconf 87' lang='lat' dir='ltr'><strong>tam</strong></span> <span class='ocrx_word' id='word_1_179' title='bbox 564 2150 763 2198; x_wconf 84' lang='lat' dir='ltr'><strong>ridicule</strong></span> <span class='ocrx_word' id='word_1_180' title='bbox 794 2148 858 2199; x_wconf 89' lang='lat' dir='ltr'><strong>ab</strong></span> <span class='ocrx_word' id='word_1_181' title='bbox 889 2166 948 2197; x_wconf 94' lang='lat' dir='ltr'><strong>eo</strong></span> <span class='ocrx_word' id='word_1_182' title='bbox 977 2151 1187 2215; x_wconf 76' lang='lat' dir='ltr'><strong>prolata,</strong></span> <span class='ocrx_word' id='word_1_183' title='bbox 1224 2153 1383 2216; x_wconf 89' lang='lat' dir='ltr'><strong>qualia</strong></span> <span class='ocrx_word' id='word_1_184' title='bbox 1417 2154 1506 2213; x_wconf 91' lang='lat' dir='ltr'><strong>illi,</strong></span> <span class='ocrx_word' id='word_1_185' title='bbox 1534 2157 1616 2220; x_wconf 90' lang='lat' dir='ltr'><strong>qui</strong></span> 
     </span>
     <span class='ocr_line' id='line_1_25' title="bbox 194 2226 1617 2291; baseline 0.001 -13"><span class='ocrx_word' id='word_1_186' title='bbox 194 2230 520 2289; x_wconf 84' lang='lat' dir='ltr'><strong>interfuerant,</strong></span> <span class='ocrx_word' id='word_1_187' title='bbox 541 2226 877 2276; x_wconf 89' lang='lat' dir='ltr'><strong>cachinnando</strong></span> <span class='ocrx_word' id='word_1_188' title='bbox 890 2244 940 2275; x_wconf 86' lang='lat' dir='ltr'><strong>se</strong></span> <span class='ocrx_word' id='word_1_189' title='bbox 957 2227 1159 2276; x_wconf 89' lang='lat' dir='ltr'><strong>audiisse</strong></span> <span class='ocrx_word' id='word_1_190' title='bbox 1175 2229 1458 2291; x_wconf 84' lang='lat' dir='ltr'><strong>referebant,</strong></span> <span class='ocrx_word' id='word_1_191' title='bbox 1477 2242 1617 2280; x_wconf 80' lang='lat' dir='ltr'><strong>tantae</strong></span> 
     </span>
     <span class='ocr_line' id='line_1_26' title="bbox 194 2305 1616 2372; baseline 0.001 -15"><span class='ocrx_word' id='word_1_192' title='bbox 194 2307 424 2372; x_wconf 86' lang='lat' dir='ltr'><strong>majestati</strong></span> <span class='ocrx_word' id='word_1_193' title='bbox 452 2323 509 2356; x_wconf 88' lang='lat' dir='ltr'><strong>ac</strong></span> <span class='ocrx_word' id='word_1_194' title='bbox 536 2305 805 2354; x_wconf 90' lang='lat' dir='ltr'><strong>celsitudini</strong></span> <span class='ocrx_word' id='word_1_195' title='bbox 835 2322 935 2353; x_wconf 91' lang='lat' dir='ltr'><strong>non</strong></span> <span class='ocrx_word' id='word_1_196' title='bbox 958 2306 1329 2356; x_wconf 88' lang='lat' dir='ltr'><strong>conveniebant.</strong></span> <span class='ocrx_word' id='word_1_197' title='bbox 1354 2309 1477 2356; x_wconf 89' lang='lat' dir='ltr'><strong>Cum</strong></span> <span class='ocrx_word' id='word_1_198' title='bbox 1500 2326 1616 2358; x_wconf 90' lang='lat' dir='ltr'><strong>vero</strong></span> 
     </span>
     <span class='ocr_line' id='line_1_27' title="bbox 196 2377 1619 2451; baseline 0.001 -17"><span class='ocrx_word' id='word_1_199' title='bbox 196 2396 414 2451; x_wconf 68' lang='lat' dir='ltr'><strong>praestare</strong></span> <span class='ocrx_word' id='word_1_200' title='bbox 435 2384 634 2435; x_wconf 84' lang='lat' dir='ltr'><strong>haberet</strong></span> <span class='ocrx_word' id='word_1_201' title='bbox 655 2377 1007 2437; x_wconf 82' lang='lat' dir='ltr'><strong>sacramentum</strong></span> <span class='ocrx_word' id='word_1_202' title='bbox 1024 2400 1166 2450; x_wconf 90' lang='lat' dir='ltr'><strong>super</strong></span> <span class='ocrx_word' id='word_1_203' title='bbox 1185 2396 1347 2434; x_wconf 86' lang='lat' dir='ltr'><strong>sancta</strong></span> <span class='ocrx_word' id='word_1_204' title='bbox 1367 2387 1455 2434; x_wconf 92' lang='lat' dir='ltr'><strong>Dei</strong></span> <span class='ocrx_word' id='word_1_205' title='bbox 1479 2405 1619 2436; x_wconf 88' lang='lat' dir='ltr'><strong>evan·</strong></span> 
     </span>
     <span class='ocr_line' id='line_1_28' title="bbox 199 2461 1618 2530; baseline 0.003 -20"><span class='ocrx_word' id='word_1_206' title='bbox 199 2463 341 2526; x_wconf 75' lang='lat' dir='ltr'><strong>gelia,</strong></span> <span class='ocrx_word' id='word_1_207' title='bbox 373 2473 423 2510; x_wconf 89' lang='lat' dir='ltr'><strong>et</strong></span> <span class='ocrx_word' id='word_1_208' title='bbox 455 2462 676 2511; x_wconf 83' lang='lat' dir='ltr'><strong>dextrum</strong></span> <span class='ocrx_word' id='word_1_209' title='bbox 705 2461 955 2510; x_wconf 87' lang='lat' dir='ltr'><strong>brachium</strong></span> <span class='ocrx_word' id='word_1_210' title='bbox 986 2471 1197 2527; x_wconf 86' lang='lat' dir='ltr'><strong>portaret</strong></span> <span class='ocrx_word' id='word_1_211' title='bbox 1229 2464 1292 2512; x_wconf 90' lang='lat' dir='ltr'><strong>ad</strong></span> <span class='ocrx_word' id='word_1_212' title='bbox 1323 2475 1489 2530; x_wconf 89' lang='lat' dir='ltr'><strong>pectus</strong></span> <span class='ocrx_word' id='word_1_213' title='bbox 1520 2484 1618 2514; x_wconf 84' lang='lat' dir='ltr'><strong>sus-</strong></span> 
     </span>
     <span class='ocr_line' id='line_1_29' title="bbox 199 2539 1616 2608; baseline 0.004 -21"><span class='ocrx_word' id='word_1_214' title='bbox 199 2555 426 2605; x_wconf 79' lang='lat' dir='ltr'><strong>pensum,</strong></span> <span class='ocrx_word' id='word_1_215' title='bbox 461 2556 522 2589; x_wconf 92' lang='lat' dir='ltr'><strong>eo</strong></span> <span class='ocrx_word' id='word_1_216' title='bbox 564 2539 695 2604; x_wconf 91' lang='lat' dir='ltr'><strong>quod</strong></span> <span class='ocrx_word' id='word_1_217' title='bbox 733 2539 794 2587; x_wconf 88' lang='lat' dir='ltr'><strong>de</strong></span> <span class='ocrx_word' id='word_1_218' title='bbox 829 2540 912 2587; x_wconf 86' lang='lat' dir='ltr'><strong>illo</strong></span> <span class='ocrx_word' id='word_1_219' title='bbox 948 2540 1092 2588; x_wconf 86' lang='lat' dir='ltr'><strong>latere</strong></span> <span class='ocrx_word' id='word_1_220' title='bbox 1127 2542 1330 2607; x_wconf 81' lang='lat' dir='ltr'><strong>paralysi</strong></span> <span class='ocrx_word' id='word_1_221' title='bbox 1367 2561 1616 2608; x_wconf 84' lang='lat' dir='ltr'><strong>percussus</strong></span> 
     </span>
     <span class='ocr_line' id='line_1_30' title="bbox 200 2616 1618 2682; baseline 0.003 -16"><span class='ocrx_word' id='word_1_222' title='bbox 200 2616 374 2679; x_wconf 84' lang='lat' dir='ltr'><strong>fuerat,</strong></span> <span class='ocrx_word' id='word_1_223' title='bbox 406 2633 632 2666; x_wconf 71' lang='lat' dir='ltr'><strong>exctisans</strong></span> <span class='ocrx_word' id='word_1_224' title='bbox 662 2617 796 2682; x_wconf 84' lang='lat' dir='ltr'><strong>quod</strong></span> <span class='ocrx_word' id='word_1_225' title='bbox 826 2633 937 2665; x_wconf 87' lang='lat' dir='ltr'><strong>eum</strong></span> <span class='ocrx_word' id='word_1_226' title='bbox 972 2627 1214 2682; x_wconf 82' lang='lat' dir='ltr'><strong>oporteret</strong></span> <span class='ocrx_word' id='word_1_227' title='bbox 1250 2620 1437 2669; x_wconf 85' lang='lat' dir='ltr'><strong>sinistra</strong></span> <span class='ocrx_word' id='word_1_228' title='bbox 1472 2638 1618 2670; x_wconf 87' lang='lat' dir='ltr'><strong>manu</strong></span> 
     </span>
     <span class='ocr_line' id='line_1_31' title="bbox 200 2693 1616 2758; baseline 0.003 -15"><span class='ocrx_word' id='word_1_229' title='bbox 200 2703 391 2758; x_wconf 73' lang='lat' dir='ltr'><strong>ungere</strong></span> <span class='ocrx_word' id='word_1_230' title='bbox 411 2693 613 2756; x_wconf 83' lang='lat' dir='ltr'><strong>librum,</strong></span> <span class='ocrx_word' id='word_1_231' title='bbox 641 2693 806 2742; x_wconf 86' lang='lat' dir='ltr'><strong>cubito</strong></span> <span class='ocrx_word' id='word_1_232' title='bbox 828 2694 973 2743; x_wconf 82' lang='lat' dir='ltr'><strong>etiam</strong></span> <span class='ocrx_word' id='word_1_233' title='bbox 1001 2693 1168 2744; x_wconf 85' lang='lat' dir='ltr'><strong>dextro</strong></span> <span class='ocrx_word' id='word_1_234' title='bbox 1194 2698 1396 2745; x_wconf 83' lang='lat' dir='ltr'><strong>multum</strong></span> <span class='ocrx_word' id='word_1_235' title='bbox 1419 2699 1616 2747; x_wconf 76' lang='lat' dir='ltr'><strong>ridicule</strong></span> 
     </span>
    </p>
   </div>
   <div class='ocr_carea' id='block_1_5' title="bbox 256 2794 1480 2912">
    <p class='ocr_par' dir='ltr' id='par_1_6' title="bbox 256 2794 1480 2912">
     <span class='ocr_line' id='line_1_32' title="bbox 256 2794 708 2849; baseline 0 -14"><span class='ocrx_word' id='word_1_236' title='bbox 256 2799 293 2836; x_wconf 73' lang='grc' dir='ltr'><strong>ί.</strong></span> <span class='ocrx_word' id='word_1_237' title='bbox 325 2796 533 2845; x_wconf 79' lang='lat' dir='ltr'><strong>ci-dessus‚</strong></span> <span class='ocrx_word' id='word_1_238' title='bbox 555 2810 594 2849; x_wconf 84' lang='lat' dir='ltr'><strong>p.</strong></span> <span class='ocrx_word' id='word_1_239' title='bbox 616 2794 708 2836; x_wconf 67' lang='lat'><strong>¹08.</strong></span> 
     </span>
     <span class='ocr_line' id='line_1_33' title="bbox 256 2858 1480 2912; baseline 0.005 -14"><span class='ocrx_word' id='word_1_240' title='bbox 256 2862 294 2899; x_wconf 74' lang='lat'><strong>2.</strong></span> <span class='ocrx_word' id='word_1_241' title='bbox 326 2859 504 2912; x_wconf 73' lang='lat' dir='ltr'><strong>Philippo</strong></span> <span class='ocrx_word' id='word_1_242' title='bbox 521 2860 725 2906; x_wconf 72' lang='lat' dir='ltr'><strong>com-nult,</strong></span> <span class='ocrx_word' id='word_1_243' title='bbox 746 2858 846 2899; x_wconf 66' lang='lat' dir='ltr'><strong>abbe</strong></span> <span class='ocrx_word' id='word_1_244' title='bbox 867 2859 918 2898; x_wconf 77' lang='lat' dir='ltr'><strong>de</strong></span> <span class='ocrx_word' id='word_1_245' title='bbox 938 2860 1200 2901; x_wconf 61' lang='lat' dir='ltr'><strong>stim-Pione</strong></span> <span class='ocrx_word' id='word_1_246' title='bbox 1220 2862 1269 2901; x_wconf 79' lang='lat' dir='ltr'><strong>de</strong></span> <span class='ocrx_word' id='word_1_247' title='bbox 1285 2862 1412 2903; x_wconf 65' lang='lat' dir='ltr'><strong>Gamls</strong></span> <span class='ocrx_word' id='word_1_248' title='bbox 1442 2862 1480 2889; x_wconf 53' lang='lat'><strong>³²</strong></span> 
     </span>
    </p>
   </div>
  </div>
 </body>
</html>
