2060 3392
449 229 452 234 ’
493 250 542 287 ιο
856 245 1199 286 msromARUM
1225 242 1462 284 mnovlci
1488 247 1546 283 x1

492 338 591 402 agri
614 335 775 384 inculti
809 334 1033 400 Jacebant
1061 351 1072 379 ε
1095 332 1224 380 unde
1241 348 1432 381 necesse
1466 344 1566 382 erat
1584 335 1653 383 ·ad
1684 336 1906 401 hujusoess

493 415 626 464 modi
647 415 865 463 locorum
887 412 1203 460 munitionem
1238 422 1283 460 et
1314 413 1636 478 provisionem
1670 414 1872 464 militum
1888 452 1901 476 ,

492 493 573 557 qui
593 493 688 540 illic
708 491 857 540 relicti
882 498 1039 548 erant,
1073 487 1133 536 de
1171 488 1508 537 remotioribus
1533 490 1789 555 provinciis
1813 492 1906 540 vic·

491 570 636 619 tualia
663 569 918 636 provideri.
945 570 1061 626 Quae
1082 582 1157 614 res
1192 568 1564 632 provincialibus
1598 569 1739 632 regiae*
1764 569 1905 618 ditio:

492 650 582 708 nis,
608 648 710 695 aliis
734 645 1037 712 superaddita
1058 644 1341 708 gravissimis
1368 645 1745 701 collationumvet
1761 647 1904 695 servi-

491 727 667 773 tiorum
687 723 930 781 oneribus,
961 739 1060 770 non
1083 738 1233 788 parvo
1257 724 1391 771 oneri
1424 734 1565 788 atque
1596 724 1904 773 incommodo

492 803 631 850 fuisse
652 801 906 849 ferebatur.

558 882 652 930 Sed
689 899 801 930 cum
847 883 912 930 ita
952 880 1141 930 hiberni
1182 880 1361 946 absque
1406 882 1568 928 castris
1605 880 1910 930 decurrerent

494 977 705 1019 menses,
750 961 800 1008 in
835 959 1046 1008 hibernis
1081 960 1303 1023 utrinque
1344 958 1572 1007 militibus
1615 958 1876 1009 distributis
1891 999 1904 1023 ,

495 1049 693 1089 conatus
710 1055 910 1103 magnus
928 1037 1263 1088 intendebatur
1277 1054 1363 1104 per
1383 1039 1771 1101 Maximilianum,
1797 1042 1910 1087 Aus-

494 1119 592 1166 triae
618 1118 792 1166 ducem
808 1156 821 1180 ,
857 1127 905 1165 et
933 1118 1201 1182 Flamingos
1221 1155 1236 1180 ,
1266 1127 1344 1179 ut,
1372 1117 1749 1166 Tornacensibus
1776 1119 1906 1166 omni

496 1197 715 1245 facultate
736 1195 921 1244 sublata
952 1212 1156 1244 annonae
1180 1195 1241 1243 de
1271 1195 1384 1242 foris
1404 1194 1696 1244 advehendae
1711 1233 1725 1258 ,
1748 1197 1911 1245 civitas

495 1275 621 1339 ipsa,
656 1273 718 1322 ad
752 1283 1010 1321 extremam
1035 1283 1201 1323 coacta
1231 1273 1506 1339 penuriam,
1539 1273 1855 1322 defectionem
1882 1291 1911 1323 a

411 1385 415 1390 -
496 1367 604 1414 rege
623 1351 796 1399 faceret
812 1360 859 1398 et
882 1349 1081 1399 subiret¹
1103 1350 1254 1414 legeS,
1272 1350 1436 1415 quales
1455 1351 1524 1398 eis
1544 1349 1701 1399 eidem
1721 1352 1911 1400 Austriae

496 1427 608 1475 duci
625 1437 674 1476 et
690 1428 785 1476 suis
806 1427 920 1477 dare
941 1427 1168 1496 libuisset.
1199 1430 1257 1475 Et
1280 1427 1501 1493 quidem,
1537 1438 1590 1475 ut
1609 1428 1775 1477 durius
1795 1446 1911 1478 con-

495 1507 852 1571 stringerentur,
873 1516 920 1555 et
941 1507 1078 1554 citius
1099 1505 1163 1554 ad
1185 1522 1326 1553 suum
1354 1504 1642 1564 desiderium
1660 1505 1912 1572 perficien-

495 1583 613 1631 dum
639 1583 768 1632 idem
797 1584 894 1631 dux
922 1585 1168 1650 pervenire
1197 1593 1379 1649 posset,
1408 1584 1663 1632 contractis
1698 1584 1911 1651 undique
1990 1611 1992 1613 ·

494 1661 654 1726 copiis⁴
688 1670 786 1709 tam
823 1665 858 1709 F
859 1662 1178 1725 lamingorum
1213 1677 1359 1726 quam
1407 1663 1756 1710 Germanorum
1772 1701 1805 1729 ,q
1829 1666 1912 1728 qui

495 1737 708 1802 quotidie
731 1755 790 1786 ex
818 1740 1060 1804 superiore
1081 1739 1337 1787 Germania
1368 1738 1431 1786 ad
1457 1754 1592 1786 suam
1613 1739 1884 1788 servitutem
1899 1744 1914 1767 ⁸

494 1816 632 1879 eique
662 1815 891 1885 auxilium
915 1816 1165 1864 ferendum
1195 1832 1282 1881 per
1302 1825 1482 1864 turmas
1501 1816 1789 1866 descendere
1810 1835 1911 1866 non

494 1892 766 1956 cessabant,
799 1894 911 1942 exiit
941 1894 991 1942 in
1018 1909 1156 1958 agros
1184 1895 1531 1956 Tornacenses,
1556 1894 1689 1942 villas
1715 1895 1913 1944 circum-

495 1987 684 2036 quaque
711 1973 955 2023 universas
983 1971 1206 2020 incendio
1233 1982 1281 2021 et
1308 1972 1485 2037 rapinis
1510 1976 1785 2037 per-vastans
1803 2011 1816 2037 ,
1847 1975 1912 2022 ita

495 2060 548 2096 ut
584 2066 675 2099 nec
715 2051 887 2098 domus
926 2052 975 2098 in
1019 2051 1100 2098 illo
1130 2051 1368 2114 territorio
1409 2051 1695 2099 Tornacensi
1737 2052 1912 2100 intacta

494 2128 771 2175 remansisse
801 2127 1052 2175 diceretur.
1088 2122 1090 2125 ’

559 2206 669 2262 Quo
700 2204 825 2252 facto
839 2242 851 2266 ,
894 2205 964 2252 sic
1001 2205 1239 2270 populatis
1267 2215 1315 2252 et
1355 2205 1544 2253 vastatis
1582 2204 1912 2268 hujuscemodi

494 2281 639 2347 agris,
662 2281 723 2330 ad
742 2283 937 2348 propria
958 2281 1122 2343 rediit3
1141 2281 1226 2330 sed
1243 2298 1333 2330 nec
1351 2283 1418 2330 sic
1441 2292 1626 2330 tantum
1649 2298 1732 2330 eos
1753 2298 1913 2333 coarc-

492 2367 593 2406 tare
619 2360 800 2424 potuit,
830 2369 883 2407 ut
908 2359 971 2408 ad
995 2359 1194 2407 civitatis
1221 2359 1539 2420 deditionem,
1571 2360 1634 2408 ad
1665 2376 1812 2424 quam
1839 2361 1912 2408 in-

492 2436 720 2485 tendebat
735 2474 748 2498 ,
774 2438 1021 2502 pervenire
1042 2437 1272 2502 potuerit;
1296 2447 1345 2485 et
1367 2437 1475 2484 licet
1497 2438 1646 2485 multa
1670 2453 1756 2502 per
1779 2438 1914 2486 Flan-

492 2513 647 2563 driam
661 2515 711 2561 in
729 2515 873 2578 vulgo
890 2515 1198 2579 jactarentur,
1220 2515 1352 2580 quod
1373 2531 1402 2563 a
1419 2516 1610 2563 Francis
1629 2515 1690 2563 de
1707 2531 1913 2565 annonae

494 2592 766 2640 necessariae
787 2591 1078 2640 advectione
1111 2593 1287 2641 civitati
1308 2589 1548 2640 subveniri
1572 2591 1709 2659 [non]
1726 2604 1907 2659 posset,

547 2695 585 2732 1.
616 2696 769 2742 Facere,
784 2693 909 2732 subire
930 2694 1024 2732 dans
1043 2695 1079 2733 le
1096 2708 1169 2734 ms.

546 2758 586 2796 2.
617 2757 793 2809 Corrigez
810 2759 867 2794 ad
880 2771 986 2795 suum
1005 2761 1209 2798 servitium,
