2060 3392
461 226 464 230 ’
499 245 548 282 31.
862 243 1205 282 HISTORIARUM
1231 229 1468 280 muovmi
1494 243 1551 279 x1

498 332 891 394 Tornaeensibus,
919 348 1001 379 eos
1022 331 1089 378 sic
1107 329 1286 381 abduci
1314 329 1690 396 inspicientibus,
1717 331 1909 397 plurimi

498 411 619 459 risus
635 420 683 459 et
700 409 891 458 ludibrii
904 408 1168 470 materiam,
1182 407 1426 473 multaque
1439 406 1619 474 probra
1637 418 1781 474 atque
1799 426 1912 459 con·

495 489 711 536 tumelias
723 488 772 534 in
786 486 1053 550 Flamingos
1075 484 1305 550 jaciendi,
1326 486 1482 534 attulit
1494 495 1542 534 et
1561 478 1780 552 praebuit.
1804 489 1912 536 Per-

494 563 719 613 diderunt
741 573 900 612 autem
918 573 965 610 et
984 563 1073 629 ipsi
1090 563 1319 627 Flamingi
1338 573 1452 611 tunc
1475 563 1723 625 machinas
1737 564 1910 616 mutas

490 641 648 690 bellici
664 642 986 703 instrumenti,
1013 657 1132 705 quas
1146 642 1289 692 etiam
1301 641 1392 706 ipsi
1405 641 1574 691 Franci
1586 641 1903 693 abduxerunt.

484 720 578 777 Qui
600 730 759 768 autem
790 719 970 777 *residui
995 718 1186 766 fuerunt
1207 734 1265 767 ex
1287 718 1644 783 Flamingorum
1670 721 1903 782 exercitu,

484 797 533 843 in
563 797 758 861 propria
791 813 891 845 sese
924 805 1229 861 receperunt,
1261 812 1349 844 nec
1379 784 1624 846 audebant
1659 814 1746 863 per
1778 797 1906 852 mul-

458 885 462 888 *
483 883 558 920 tos
582 873 683 921 dies
705 874 830 921 exire
859 873 1054 922 obviam
1087 873 1294 935 FranciS,
1324 873 1394 921 ita.
1417 874 1580 923 animo
1616 875 1906 925 consternati

482 951 757 1000 manebant.
1770 1016 1773 1018 -

545 1032 602 1076 Et
622 1029 837 1095 profecto
860 1029 898 1076 si
920 1044 1002 1076 rex
1034 1039 1149 1077 ωηο
1172 1030 1418 1095 temporis,
1455 1030 1640 1078 cunctis
1667 1031 1734 1080 ita
1755 1041 1903 1080 exter-

479 1107 580 1154 ritis
604 1107 731 1172 (post
773 1106 951 1159 scilicet
985 1106 1321 1171 hujuscemodi
1355 1107 1564 1156 Atrebati
1599 1118 1647 1156 et
1682 1108 1902 1174 oppiduli

478 1185 685 1233 Avennis
697 1185 1116 1251 expugnationem,
1138 1185 1590 1250 Flamingorumque
1605 1186 1899 1251 profligatio-

477 1260 626 1323 nem),
643 1276 754 1307 cum
765 1259 932 1325 copiis,
944 1275 1062 1324 quas
1077 1269 1192 1308 tunc
1206 1260 1437 1308 maximas
1456 1259 1684 1322 habebat,
1700 1270 1748 1309 et
1763 1259 1902 1309 belli-

477 1337 544 1384 cis
564 1338 887 1385 instrumentis
912 1337 1243 1386 incunctanter
1264 1347 1406 1402 atque
1429 1338 1625 1386 viriliter
1658 1353 1902 1402 aggressus

475 1414 633 1462 fuisset
647 1425 795 1463 terras
807 1415 1057 1478 Flandriae‚
1072 1416 1337 1464 Hannoniae
1349 1426 1492 1482 atque
1503 1416 1782 1479 Brabantiae‚
1797 1416 1900 1467 nul-
1931 1425 1938 1433 '

472 1492 545 1539 lus
563 1492 626 1540 ad
638 1492 979 1558 opponendam
988 1493 1169 1542 viribus
1185 1495 1281 1542 suis
1299 1495 1613 1544 resistentiam
1628 1495 1894 1560 coff'tasset‚

472 1570 556 1618 sed
575 1572 829 1635 quaesiisset
851 1572 900 1619 in
935 1573 1129 1636 singulis
1148 1572 1355 1639 oppidis,
1381 1571 1796 1640 appropinquante
1835 1573 1897 1621 ad

472 1665 555 1696 eos
573 1650 803 1712 exercitu,
833 1666 951 1714 quas
972 1650 1248 1698 melioribus
1266 1650 1482 1700 obtinere
1501 1652 1769 1717 potuissent
1782 1651 1896 1717 legi-

473 1724 564 1774 bus
588 1735 635 1773 et
652 1727 1012 1775 conditionibus
1033 1728 1209 1793 passim
1233 1727 1527 1777 deditionem
1550 1729 1720 1777 facere.
1749 1731 1897 1778 Erant

472 1803 650 1868 quippe
681 1813 798 1851 tunc
834 1804 1077 1870 acephali,
1107 1814 1155 1852 et
1183 1821 1317 1870 paene
1346 1806 1448 1870 jam
1476 1816 1576 1854 tam
1599 1805 1660 1854 de
1683 1805 1893 1855 adventu

471 1875 770 1943 imperatoris
792 1897 936 1944 quam
956 1881 1039 1929 filii
1064 1882 1144 1930 sui.
1161 1881 1463 1947 desperantes
1477 1920 1491 1945 ‚
1518 1899 1578 1931 eo
1599 1882 1732 1947 quod
1756 1883 1902 1933 multi.

470 1957 762 2005 transiissent
783 1975 970 2006 menses
987 1969 1265 2024 postquam,
1287 1959 1421 2023 juxta
1448 1960 1812 2025 pollicitationes
1846 1971 1903 2009 et

391 2023 397 2033 ²⁴
472 2035 811 2097 promissiones
850 2037 1019 2101 saepius
1058 2047 1106 2085 et
1146 2036 1431 2088 creberrime
1471 2038 1538 2086 eis
1576 2038 1749 2100 factae,
1791 2038 1902 2103 jam

471 2109 750 2159 adventasse
777 2111 1058 2162 debuerant.
1099 2117 1194 2162 Nec
1228 2114 1442 2179 profecto
1476 2115 1538 2163 de
1568 2114 1792 2180 parando-
1814 2132 1890 2163 re-

472 2187 633 2234 medio
660 2197 829 2237 contra
855 2206 1178 2253 aggressuram
1206 2192 1328 2254 regis
1354 2201 1402 2239 et
1431 2192 1695 2243 imminens,
1710 2192 1889 2244 eisdem

469 2265 760 2329 periculum,
797 2266 979 2331 aliquid
1008 2268 1375 2334 disponebant¹;
1412 2269 1495 2318 sed
1527 2269 1706 2334 ubique
1742 2270 1890 2321 ferme

469 2356 525 2389 ac
544 2358 629 2406 per
644 2342 902 2405 insigniora
921 2344 1164 2409 potissime
1184 2361 1383 2409 quaeque
1403 2345 1604 2411 oppida,
1624 2346 1748 2394 cives
1766 2347 1889 2395 inter

468 2433 518 2465 se
554 2428 602 2465 et
634 2418 809 2483 plebeii
842 2420 1094 2473 adversum
1132 2421 1429 2470 nobilitatem
1460 2422 1715 2478 seditiones
1745 2433 1887 2488 atque

468 2494 727 2543 simultates
760 2497 1060 2546 exercebant.
1675 2498 1683 2504 ’

534 2575 640 2620 Non
660 2573 821 2639 itaque
845 2574 1036 2623 difficile
1067 2584 1167 2623 erat
1189 2577 1304 2639 regi,
1335 2577 1478 2626 tantis
1503 2578 1701 2643 praedito
1734 2578 1884 2645 copiis

518 2736 535 2771 1
549 2767 557 2776 .
587 2735 819 2786 Disponebat
840 2737 935 2777 dans
954 2738 991 2775 le
1008 2750 1081 2778 ms-
