2060 3392
441 302 517 339 330
1006 299 1258 338 Arctoam
1271 325 1283 346 ,

437 399 594 447 antea,
619 388 742 436 dolis
773 397 820 435 et
842 388 1088 435 calumniis
1114 404 1373 452 pravorum
1397 398 1444 435 et
1466 389 1742 453 iniquorum
1761 389 1852 439 ho·-

437 467 623 515 minum
649 465 826 513 factum
862 462 1228 528 cognoscimus?
1258 465 1391 513 Adde
1421 466 1577 531 quod,
1611 467 1651 514 si
1680 482 1855 531 anceps

437 544 557 591 inibi
594 553 640 590 et
675 558 869 607 prorsus
897 542 1076 589 incerta
1105 552 1246 606 atque
1278 543 1553 591 inconstans
1586 542 1726 603 fides,
1751 560 1852 592 non

435 621 595 686 potior
624 620 771 667 etiam*
805 635 961 682 neque
997 620 1207 666 securior
1249 619 1344 667 illic
1377 620 1555 684 justitia
1593 620 1849 669 invenitur.

437 700 557 744 Nam
579 694 692 744 cum
714 695 946 761 improbis
969 695 1260 744 delatoribus
1281 696 1429 745 facilis
1459 697 1522 745 ad
1548 697 1854 747 calumnian-

435 776 552 823 dum
583 776 742 823 bonos
779 776 935 823 aditus
968 791 1199 839 auresque
1231 775 1615 834 commodentur,
1645 777 1730 840 qui
1757 776 1854 824 illic

434 854 636 918 degunt,
665 853 921 918 praesertim
953 853 993 901 si
1024 852 1284 917 aliquando
1313 853 1486 900 fuerint
1504 852 1668 913 invisi,
1697 853 1854 917 quoti-

434 932 587 979 dianis
609 931 956 979 calumniarum
976 930 1196 995 periculis
1214 940 1376 996 patere
1396 947 1585 978 necesse
1605 940 1676 978 est
1695 940 1744 978 et
1762 929 1853 980 sub

435 1010 577 1057 anxio
598 1020 645 1058 et
668 1025 869 1075 poenoso
893 1008 1032 1057 valde
1063 1018 1195 1056 metu
1219 1009 1460 1072 languere.
1486 1008 1651 1056 Fidem
1679 1009 1855 1057 nostris

433 1087 770 1134 assertionibus
784 1087 894 1134 satis
915 1086 1120 1135 afferunt
1135 1086 1213 1134 ille
1234 1086 1487 1134 cardinalis
1509 1096 1557 1134 et
1576 1086 1655 1133 ille
1670 1086 1855 1152 ‚episco-

432 1182 521 1230 pus
534 1203 547 1227 ‚
579 1166 679 1229 jam
704 1167 849 1214 ferme
881 1182 967 1231 per
995 1166 1378 1230 quinquennium
1417 1181 1474 1213 ea
1507 1182 1612 1229 quae
1651 1164 1855 1214 dicimus

431 1245 626 1309 experti.
653 1245 776 1291 Alios
797 1244 1103 1309 quamplures
1131 1243 1274 1290 etiam
1295 1244 1345 1290 in
1367 1236 1507 1290 teste's
1527 1242 1663 1291 facile
1682 1258 1855 1291 vocare

432 1331 479 1369 et
501 1322 643 1370 citare
664 1338 933 1387 possemus,
956 1322 995 1369 si
1018 1338 1047 1369 a
1067 1337 1241 1368 somno
1261 1321 1426 1368 mortis
1446 1330 1495 1367 et
1512 1318 1575 1368 ab
1592 1320 1753 1368 inferis
1771 1336 1855 1368 eos

431 1400 633 1448 excitare
654 1417 916 1465 possemus,
944 1416 1060 1464 quo,
1082 1401 1293 1447 insontes
1314 1400 1448 1458 licet,
1475 1398 1656 1447 dimissi
1677 1407 1805 1458 sunt,
1825 1412 1855 1446 a

431 1478 645 1542 praestitis
666 1479 732 1525 eis
749 1477 1078 1525 securitatibus
1093 1477 1262 1538 delusi,
1284 1477 1335 1523 in
1352 1475 1528 1540 quibus
1543 1485 1720 1523 temere
1736 1492 1854 1524 con·-

432 1553 654 1602 fiderunt.
681 1555 775 1602 Sed
797 1555 988 1602 invidiae
1009 1555 1260 1617 nimiaeque
1280 1553 1560 1618 prolixitatis
1582 1553 1856 1604 devitanda·

430 1648 537 1678 rum
559 1632 724 1695 gratia,
749 1633 934 1680 silentio
954 1648 1039 1680 eos
1055 1631 1391 1696 praeteriemus.

496 1712 602 1757 Non
616 1711 872 1758 referemus
888 1712 1030 1758 etiam
1046 1710 1284 1774 quotiens,
1301 1725 1330 1756 a
1343 1709 1551 1756 triennio
1567 1708 1684 1754 citra
1694 1708 1744 1771 (a
1755 1723 1853 1772 quo

431 1798 644 1854 tempore
671 1789 885 1836 inclitam
914 1787 1041 1837 hanc
1069 1787 1427 1835 Treverensium
1458 1786 1745 1834 incoluimus
1771 1800 1853 1832 ur·

429 1866 582 1930 bem),
608 1883 706 1928 rex,
727 1865 1080 1914 stimulantibus
1099 1865 1202 1914 aliis
1221 1864 1509 1928 quibusdam
1529 1870 1616 1929 pel·
1628 1863 1854 1911 ambitio-

430 1961 541 1992 nem
576 1946 847 1993 saecularem
863 1983 875 2007 ‚
917 1955 1145 1992 nostram⁴
1172 1945 1343 1991 iterum
1379 1954 1428 1991 et
1472 1943 1634 1990 denuo
1667 1943 1853 2006 assequi

429 2023 674 2070 ecclesiam
695 2022 1041 2083 ambientibus,
1075 2031 1125 2069 et
1145 2031 1359 2087 tempore
1392 2020 1538 2069 felicis
1561 2018 1853 2067 recordatio-

430 2100 503 2146 nis
537 2101 668 2148 Pauli
695 2110 742 2147 et
767 2100 989 2148 moderni
1020 2100 1164 2148 etiam
1192 2100 1349 2161 Sixti¹,
1384 2097 1668 2163 pontificum
1695 2112 1853 2145 roma·

429 2193 627 2238 norum,
669 2178 942 2225 instantiam
979 2177 1167 2240 fecerit,
1207 2187 1261 2224 ut
1291 2177 1368 2223 vel
1403 2176 1497 2223 alio
1531 2176 1582 2222 in
1625 2173 1851 2222 Pathmos

428 2255 803 2318 transferremur,
827 2257 902 2303 vel
924 2257 1027 2321 ipsa
1048 2255 1244 2304 ecclesia
1265 2264 1428 2302 nostra
1451 2270 1540 2319 pro
1562 2251 1850 2317 quibusdam

428 2333 594 2380 affictis
615 2333 678 2381 ab
705 2334 885 2381 eisdem
907 2332 1319 2381 criminationibus
1349 2332 1661 2395 dejiceremur
1684 2339 1731 2376 et
1751 2331 1850 2394 pri-

428 2424 664 2455 varemur.
719 2409 904 2467 Quibus
946 2419 1105 2456 tamen
1146 2407 1431 2473 importunis
1478 2417 1619 2470 atque
1666 2405 1849 2468 injustis

427 2486 826 2550 postulationibus
857 2487 1126 2551 apostolicae
1156 2485 1280 2533 sedis
1310 2484 1488 2548 justitia
1513 2493 1560 2531 et
1581 2483 1849 2546 benignitas

427 2580 614 2630 semper
638 2563 875 2629 repulsam
903 2580 993 2628 pro
1026 2562 1190 2624 nobis,
1230 2562 1340 2609 licet
1373 2560 1670 2622 absentibus,
1695 2560 1842 2608 dedit.

481 2743 520 2779 1.
550 2740 643 2779 Paul
662 2741 720 2787 Π,
745 2738 849 2779 etant
866 2750 967 2779 mort
985 2742 1021 2779 le
1048 2741 1098 2778 28
1124 2738 1250 2788 juillet
1274 2740 1394 2786 1‘471,
1418 2746 1483 2776 eut
1502 2750 1602 2790 pour
1620 2744 1842 2776 successuu-

427 2804 534 2844 Sixte
551 2807 617 2845 1V.
