2060 3392
359 284 434 321 ¹42
722 286 1067 324 nls'romARUM
1094 287 1331 327 Lunovlcl
1360 290 1416 327 xl

357 373 459 420 imo
486 373 642 421 verius
674 375 833 422 mitius
866 376 1046 422 malum
1071 373 1196 437 erat,
1224 378 1356 442 quod
1392 380 1440 427 in
1465 379 1540 428 his
1559 381 1779 439 civilibus

357 449 641 498 factionibus
676 461 724 499 et
755 451 1073 501 seditionibus
1104 456 1396 520 sanguinarii
1420 474 1520 506 non
1557 459 1774 520 filerunt,

353 529 761 592 quemadmodum
793 546 916 595 saepe
946 531 998 578 in
1030 531 1203 581 talibus
1224 533 1442 583 civilibus
1463 535 1778 585 seditionibus

353 605 487 652 omni
520 602 811 654 crudelitatis
833 624 1004 672 genere
1025 609 1149 657 inter
1178 626 1230 658 se
1263 611 1526 662 desaeviisse
1556 630 1776 681 comper·
1827 622 1831 626 '

352 692 455 730 tum
482 693 577 743 est;
611 683 696 731 sed
727 686 1157 752 proscriptionibus
1190 689 1267 737 vel
1300 689 1487 738 civibus
1512 691 1637 741 intra
1668 709 1778 742 suas

351 760 475 810 aedes
496 760 678 809 recludi
691 761 832 826 jussis
848 799 862 823 ,
884 773 938 812 ut
958 765 1218 830 plurimum
1230 803 1243 827 ‚
1268 767 1535 817 sistebatur.

843 963 1183 1011 CAPITULUM
1218 964 1305 1012 lv„

348 1095 399 1129 De
423 1094 529 1142 longa
553 1094 796 1142 protractione
821 1095 968 1130 miserim
997 1103 1031 1130 et
1057 1095 1262 1131 calamitatis
1292 1096 1441 1132 civitatis
1468 1098 1703 1146 Trajeetensis
1729 1107 1771 1134 ex

765 1152 898 1188 malitia
916 1165 1063 1188 suorum
1081 1160 1318 1200 tyrannorum
1337 1154 1363 1190 ¹.

410 1271 487 1318 Sic
516 1272 696 1336 itaque,
725 1282 779 1319 ut
807 1273 963 1338 prius,
995 1273 1165 1322 misera
1199 1274 1365 1322 civitas
1392 1273 1482 1323 sub
1516 1273 1770 1347 interdicto

345 1338 609 1416 apostolico
654 1359 701 1397 et
736 1349 826 1397 sub
867 1351 1179 1400 anathematis
1217 1353 1493 1417 gravissima
1537 1371 1766 1417 censura,

343 1427 505 1492 quoad
538 1445 621 1475 eos
652 1428 781 1493 ipsos
815 1429 898 1493 qui
923 1430 1228 1495 occupabant
1258 1431 1392 1479 bona
1421 1442 1504 1480 aut
1544 1432 1655 1496 jura
1697 1433 1771 1480 sui

342 1505 607 1570 pontificis,
649 1505 726 1553 vel
771 1507 1121 1571 occupantibus
1166 1509 1423 1569 auxilium,
1480 1511 1765 1572 consilium,
1806 1511 1808 1514 ’

341 1581 415 1629 vel
441 1583 652 1631 favorem
674 1583 724 1631 in
748 1599 805 1631 ea
836 1600 888 1631 re
917 1584 1227 1649 praestabant,
1255 1596 1304 1634 et
1337 1585 1427 1634 sub
1462 1587 1767 1652 impiissimo-

340 1676 449 1707 rum
476 1660 731 1708 ho‘minum
759 1662 1038 1728 tyrannide,
1072 1663 1122 1710 in
1156 1655 1375 1711 omnium
1405 1663 1467 1712 ad
1497 1681 1638 1712 usum
1661 1665 1766 1712 vitae

341 1739 714 1786 necessariorum
751 1740 953 1804 penuria
984 1750 1031 1787 et
1061 1741 1250 1789 caristia
1272 1740 1529 1805 languebat
1560 1759 1646 1807 per
1677 1758 1767 1804 an-

340 1832 430 1863 nos
452 1833 605 1882 prope
627 1817 766 1865 duos.
799 1821 857 1864 Et
879 1819 1097 1882 quamvis
1120 1818 1170 1865 in
1195 1819 1513 1867 conventibus
1533 1819 1764 1868 Praedica-

339 1903 496 1958 torum
526 1904 574 1942 et
602 1894 844 1942 Minorum
863 1933 875 1956 ,
901 1896 984 1959 qui
1018 1895 1266 1961 capitalius
1297 1896 1465 1943 odium
1494 1897 1673 1944 caeteris
1702 1896 1763 1945 ad

338 1970 616 2035 pontificem
639 1971 819 2020 habere
851 1970 1161 2034 dicebantur,
1188 1972 1528 2038 nonnullisque
1557 1974 1660 2021 aliis
1687 1991 1765 2022 ec-

338 2048 514 2111 clesiis,
539 2067 624 2097 seu
657 2061 904 2115 premente
927 2061 1059 2098 metu
1081 2069 1165 2099 seu
1191 2051 1512 2099 obstinatione
1536 2051 1760 2109 nefanda,

338 2128 643 2177 interdictum
663 2130 860 2177 minime
881 2126 1229 2190 observaretur,
1253 2131 1303 2178 in
1321 2129 1581 2178 cathedrali
1601 2139 1761 2177 tamen

338 2216 386 2254 et
408 2207 558 2254 sancti
594 2206 826 2254 Johannis
856 2206 1107 2271 collegiata
1128 2207 1336 2256 ecclesiis
1352 2242 1364 2266 ‚
1394 2217 1448 2255 ut
1476 2223 1620 2272 supra
1646 2205 1760 2254 dixi-

342 2300 471 2344 mus,
500 2283 779 2331 servabatur
794 2286 822 2331 ².

401 2361 799 2410 Terminabantur
834 2362 1015 2410 interea
1043 2378 1165 2427 saepe
1196 2371 1244 2409 et
1280 2359 1615 2410 indicebantur
1649 2380 1763 2410 con-

337 2449 504 2487 ventus
548 2456 637 2505 pro
675 2455 793 2505 pace
832 2439 1081 2488 tractanda
1118 2456 1250 2487 nunc
1294 2439 1345 2487 in
1374 2441 1729 2503 naga-Comitis
1744 2478 1757 2502 ,

337 2535 466 2566 nunc
499 2517 549 2564 in
586 2518 930 2579 Busco·Ducis,
967 2534 1098 2565 nunc
1130 2517 1180 2564 in
1219 2517 1509 2565 monasterio
1548 2516 1609 2564 de
1645 2520 1760 2565 Oes-

389 2680 428 2716 1.
459 2676 639 2730 Chapitre
667 2675 846 2728 imprime
878 2674 973 2713 dans
1001 2675 1056 2713 les
1086 2678 1270 2713 Analecta
1296 2675 1344 2713 de
1367 2675 1568 2714 Matthaeus
1599 2684 1637 2713 et
1663 2674 1757 2712 dans

333 2742 609 2792 l'Amplissima
625 2742 806 2779 collectio.

387 2806 426 2844 2.
456 2803 653 2843 Ci-dessus
669 2832 679 2851 ,
700 2817 740 2855 p.
763 2803 855 2841 126.
