2060 3392
0 3105 3 3112 ·
0 3092 1 3096 Α
0 2973 13 3084 v-q-uv

675 298 821 346 ung-:u
848 296 1050 335 ssst.
1521 298 1572 337 5⁹

155 386 1224 453 mzelandiae‚q=1aegregatiminoerto
1255 387 1575 435 maristraotu

155 464 402 517 halecibus
433 462 676 531 capiendis
706 461 943 512 vacabant
958 501 973 524 ,
1002 465 1232 530 aggressi,
1274 465 1571 524 invaserunt3

157 554 208 593 et
221 543 336 598 licet
354 543 603 615 pauciores
622 541 832 604 navigio,
857 542 1004 589 armis
1025 553 1187 591 tamen
1206 542 1414 607 virisque
1432 542 1577 607 longe

158 621 470 683 valentiores,
508 635 775 687 pauperum
810 620 1100 684 piscatorum
1139 637 1286 669 naves
1319 637 1432 669 cum
1465 620 1544 668 his
1563 658 1575 680 ‚

160 697 336 764 quibus
358 707 540 747 onustae
570 705 737 759 erant,
770 697 1007 762 piscibus,
1037 708 1085 746 et
1121 708 1290 747 nautas
1322 707 1488 764 captos
1517 698 1580 746 ad

161 791 275 826 suos
292 785 461 842 portus
485 775 794 823 Normannici
814 774 985 823 littoris
1001 775 1319 824 abduxerunt.

226 839 533 902 Armave'rant
555 852 644 918 ipsi
670 851 902 915 Flamingi
926 862 1070 916 atque
1097 852 1399 901 Hollandrini
1431 863 1584 901 certas

165 947 340 995 naves,
360 947 481 998 quas
500 931 646 979 armis
664 930 1070 997 bellatoribusque
1096 933 1417 980 instruxerant
1438 941 1486 979 et
1506 948 1585 979 re-

166 1009 428 1078 pleverant,
439 1019 496 1057 ut
514 1009 619 1057 aliis
633 1009 895 1075 piscatoriis
912 1009 1115 1057 navibus
1129 1011 1430 1057 munimento
1445 1022 1588 1074 atque

167 1088 387 1156 prmidio
412 1086 636 1136 adforent
654 1121 668 1144 ,
700 1087 741 1134 si
765 1086 887 1135 forte
920 1088 1217 1151 contingeret
1236 1088 1485 1136 Gallorum
1517 1089 1589 1154 pi-

168 1175 296 1215 ratas
315 1182 408 1214 seu
438 1165 638 1213 classem
667 1175 837 1213 contra
864 1182 915 1213 se
942 1166 1137 1214 irruere.
1172 1166 1267 1213 Sed
1300 1166 1394 1213 tale
1422 1167 1591 1213 muni-

170 1253 387 1292 mentum
431 1243 657 1298 adversus
694 1242 893 1290 classem
931 1247 1223 1291 Francorum
1272 1243 1407 1290 haud
1449 1260 1592 1308 opem

171 1321 320 1370 ullam
340 1331 614 1369 mtamenve
637 1321 793 1368 attulit
811 1321 1104 1386 pauperibus
1125 1320 1458 1387 piscatoribus,
1476 1322 1593 1385 quin

173 1401 333 1467 potius
352 1417 499 1449 naves
517 1400 647 1466 ipsae,
665 1417 772 1465 quae
788 1401 995 1466 praesidii
1014 1416 1158 1449 causa
1178 1410 1370 1448 armatae
1389 1400 1592 1461 fuerant,

174 1480 249 1528 vel
267 1490 417 1547 captae
440 1480 659 1528 abductae
675 1489 812 1542 sunt,
835 1481 913 1528 vel
934 1481 1155 1546 expansis
1174 1480 1291 1527 velis
1315 1479 1516 1544 (quibus
1548 1480 1597 1527 id

174 1557 339 1622 licuit)
368 1558 536 1606 celeris
569 1557 690 1621 sugae
717 1557 991 1623 praesidium
1024 1560 1424 1624 assumpserunt¹.
1454 1557 1599 1615 Quod

177 1634 492 1683 infortunium
509 1644 558 1682 et
576 1635 740 1700 piratis
765 1638 1059 1682 Francorum
1078 1634 1278 1682 uberem
1298 1634 1526 1700 praedam,
1554 1643 1602 1681 et

178 1713 315 1762 terris
327 1711 557 1761 Flandriae
577 1722 721 1777 atque
746 1712 1013 1760 Hollandiae
1030 1750 1044 1774 ,
1069 1729 1175 1777 quae
1194 1728 1252 1759 ex
1269 1710 1600 1776 hujuscemodi

178 1789 400 1838 halecum
451 1790 712 1855 piscatione
761 1789 1051 1854 compendia
1093 1790 1303 1837 maxima
1346 1788 1604 1853 quotannis

182 1877 371 1934 captare
403 1877 756 1914 consueverunt
770 1902 783 1926 ‚
811 1867 990 1915 damna
1015 1883 1116 1914 non
1148 1855 1298 1931 parvo
1327 1865 1605 1914 aestimanda

181 1945 472 2011 importavit.
497 1947 649 1992 Naves
678 1946 810 1992 enim
836 1961 980 2009 supra
1006 1954 1202 1992 centum
1224 1961 1337 1991 cum
1359 1944 1456 1990 suis
1487 1959 1604 1990 one-

184 2021 318 2070 ribus
348 2032 509 2088 captas
542 2022 683 2070 fuisse
715 2022 953 2070 serebatur
966 2060 978 2082 ‚
1010 2033 1058 2070 et
1088 2024 1302 2088 captivos
1335 2031 1607 2088 exportatos

184 2100 310 2149 ultra
341 2100 488 2147 mille.
532 2099 672 2148 Unde
710 2116 769 2147 eo
802 2116 933 2148 anno
953 2138 966 2162 ,
1002 2117 1088 2166 per
1117 2110 1268 2148 totam
1300 2101 1608 2148 Germaniam

185 2193 360 2242 magna
376 2177 596 2225 balecum
618 2187 666 2224 et
688 2178 889 2242 penuria
911 2187 961 2225 et
982 2179 1170 2226 caristia
1194 2178 1373 2243 ubique
1403 2177 1505 2224 suit.

254 2254 341 2302 Illo
364 2270 521 2313 anno,
560 2254 779 2302 videlicet
804 2270 1101 2303 mccccnxnx
1118 2293 1131 2316 ,
1168 2255 1322 2303 biems
1351 2243 1610 2321 asperrima

243 2425 283 2463 ¹.
313 2420 719 2474 Septembre-octobre
747 2424 866 2461 1479.
903 2437 921 2460 c
937 2422 1057 2462 Audit
1086 2431 1211 2476 temps
1241 2424 1300 2463 fut
1327 2423 1407 2476 pris
1434 2437 1500 2463 sur
1531 2432 1612 2462 mer

191 2495 263 2535 par
283 2484 431 2523 Goulon
458 2493 497 2523 et
519 2493 648 2523 autres
673 2498 894 2524 escumeurs
920 2485 970 2524 de
993 2498 1078 2525 mer
1101 2499 1150 2525 en
1171 2486 1431 2534 Normandie,
1458 2500 1559 2539 pour
1576 2486 1614 2524 le

191 2546 451 2599 105,quoe
470 2549 493 2586 a
511 2548 794 2601 quatre-vingts
810 2549 965 2589 navires
982 2549 1031 2588 de
1048 2549 1248 2598 Flandres,
1270 2550 1336 2602 qui
1355 2548 1518 2588 estoient
1533 2549 1614 2587 alez

193 2609 325 2662 quea-ir
353 2609 423 2649 des
446 2610 581 2663 seigles
608 2624 657 2652 en
680 2614 820 2651 Prusse
845 2625 946 2665 pour
971 2613 1159 2653 avitailler
1185 2614 1223 2652 le
1246 2626 1365 2665 pays,
1396 2621 1435 2651 et
1466 2620 1550 2650 tout
1579 2612 1615 2650 le

194 2671 341 2725 han-eng
363 2672 413 2712 de
435 2673 472 2712 la
493 2674 636 2726 pesche
657 2674 808 2714 d'icelle
831 2677 956 2715 annee
979 2691 990 2715 z
1015 2677 1067 2714 οὺ
1091 2676 1119 2714 il
1142 2676 1202 2714 fut
1221 2675 1312 2714 faict
1334 2676 1370 2713 la
1393 2675 1481 2727 plus
1505 2682 1617 2726 grant

196 2733 473 2781 daeconfiture.
493 2736 560 2788 qui
576 2738 688 2789 passe
710 2739 733 2776 a
757 2746 845 2776 cent
871 2751 962 2785 ans,
989 2739 1047 2777 sut
1063 2738 1178 2777 faicte
1195 2750 1263 2776 sur
1286 2750 1384 2784 mer,
1404 2739 1426 2774 a
1444 2737 1482 2775 la
1505 2744 1617 2788 grant

198 2797 399 2842 confusion
419 2805 457 2836 et
474 2797 707 2839 destruction
725 2799 853 2839 desdiz
871 2801 1062 2840 Flamens.
1080 2817 1100 2836 n
1127 2801 1340 2851 chronique
1357 2800 1614 2837 scandaleuse.
