2060 3392
399 335 475 373 3128
964 334 1236 381 Arctoam,

398 424 710 471 innocentum
737 421 1122 488 oppressoribus,
1150 422 1347 487 quibus,
1372 423 1496 488 proh
1530 423 1695 472 dolor!
1721 442 1811 474 no-

397 501 492 549 bile
512 501 759 566 quondam
778 517 979 564 regnum
1001 500 1118 548 illud
1142 501 1345 548 nimium
1366 501 1603 564 abundat,
1631 501 1694 550 ad
1714 519 1812 569 poe-

397 597 482 628 nas
522 579 773 641 trahatur,
798 589 1028 642 tanquam
1067 579 1149 643 qui
1183 595 1357 644 corpus
1395 589 1442 626 et
1481 578 1614 627 bona
1649 582 1813 630 omnia

396 656 714 705 confiscasset.

461 737 577 792 Quae
614 750 726 781 cum
756 733 821 780 ita
855 732 985 798 apud
1020 732 1369 796 Rothomagum
1392 733 1598 782 factitata
1624 745 1779 786 essent
1793 773 1807 797 ,

395 827 421 859 a
458 810 726 873 talibusque
760 808 1184 857 calumniatoribus
1216 819 1262 857 et
1302 810 1661 875 oppressoribus
1701 829 1813 860 cum

396 889 528 936 omni
559 888 802 951 diligentia
827 896 1200 953 perscrutaretur
1236 888 1275 935 si
1307 889 1426 936 alios
1456 888 1668 936 invenire
1695 883 1812 955 pos-

394 976 520 1025 sent,
546 966 596 1012 in
626 981 747 1028 quos
769 965 944 1012 similes
978 965 1248 1025 violentias,
1285 965 1424 1012 dolos
1454 975 1596 1030 atque
1622 967 1812 1033 rapinas

394 1053 692 1104 exercerent,
722 1042 918 1090 tandem
945 1041 1007 1090 ad
1030 1042 1183 1090 dictos
1207 1052 1300 1090 tres
1322 1053 1510 1090 nostros
1533 1059 1809 1106 germanos,

394 1136 515 1184 quos
534 1120 687 1184 patria
709 1120 871 1185 pulsos
898 1120 1194 1184 Parisiusque
1217 1119 1484 1168 confinatos
1510 1110 1650 1169 fuisse
1670 1129 1815 1187 supra

394 1196 599 1245 diximus
615 1235 627 1259 ,
656 1205 939 1262 perventum
962 1206 1031 1244 est
1045 1234 1057 1258 ,
1086 1197 1371 1262 fueruntque
1397 1199 1488 1263 ipsi
1507 1207 1602 1250 tres
1620 1198 1815 1248 adducti

394 1291 480 1339 per
491 1276 785 1340 apparitores
802 1274 955 1337 regios
971 1274 1033 1321 ad
1045 1275 1364 1322 Castelletum.
1389 1277 1499 1333 Quo
1521 1291 1634 1323 cum
1651 1293 1816 1325 coram

389 1349 551 1413 judice
574 1349 809 1397 criminali
831 1348 1028 1396 fuissent
1045 1349 1241 1397 exhibiti
1254 1349 1304 1396 in
1316 1349 1426 1398 loco
1443 1359 1812 1414 tormentorum,

393 1428 443 1474 in
466 1443 564 1491 quo
588 1427 647 1475 de
669 1427 760 1474 reis
777 1427 1052 1492 capitalium
1074 1427 1330 1475 criminum
1351 1427 1817 1491 quaestioneshaberi

394 1505 570 1563 solent,
597 1504 788 1552 suerunt
809 1504 1011 1567 adjurati
1043 1521 1227 1564 omnes,
1254 1504 1344 1552 sub
1376 1522 1521 1571 poena
1545 1505 1728 1571 capitis,
1753 1506 1815 1554 ad

394 1581 679 1646 inquirenda
710 1581 868 1628 dicere
905 1581 1166 1629 veritatem.
1207 1582 1352 1640 Quod
1387 1599 1499 1629 cum
1533 1599 1583 1630 se
1608 1583 1816 1631 facturos

389 1659 649 1723 jurassent,
678 1658 870 1706 fuerunt
899 1675 986 1723 per
1014 1658 1228 1723 judicem
1253 1660 1513 1723 sigillatim,
1539 1659 1816 1708 absentibus

394 1735 572 1782 caeteris
585 1771 597 1795 ,
629 1735 831 1800 quilibet
849 1736 1105 1784 examinati
1129 1746 1271 1800 atque
1292 1737 1568 1800 interrogati
1591 1753 1710 1802 quas
1732 1754 1817 1803 pe-

394 1812 559 1860 cunias
590 1812 650 1859 de
669 1811 981 1876 proventibus
1002 1813 1176 1859 nostris
1198 1813 1521 1860 ecclesiasticis
1555 1823 1698 1878 atque
1735 1829 1817 1878 pa-

394 1888 745 1936 trimonialibus
779 1889 856 1936 vel
887 1905 977 1954 pro
1027 1889 1168 1937 nobis
1208 1890 1519 1955 recepissent,
1554 1890 1630 1939 vel
1673 1889 1815 1938 nobis

395 1967 723 2027 destinassent,
750 1978 798 2015 et
814 1984 900 2033 per
922 1985 1045 2032 quos
1067 1968 1116 2016 id
1141 1969 1320 2017 factum
1341 1970 1603 2018 exstitisset.
1621 1971 1814 2019 Seniore

396 2053 555 2091 autem
578 2061 635 2091 ex
666 2045 779 2110 ipsis
808 2045 959 2093 tribus
976 2083 988 2107 ,
1014 2047 1097 2110 qui
1128 2048 1526 2112 septuagesimum
1542 2049 1642 2113 jam
1668 2048 1815 2096 aetatis

395 2133 654 2170 excesserat
685 2139 868 2170 annum
883 2125 912 2182 ¹,
941 2140 999 2172 eo
1025 2124 1157 2188 quod
1181 2136 1479 2173 sacramento
1514 2125 1744 2174 firmasset
1765 2142 1815 2173 se

395 2198 455 2245 de
489 2199 631 2247 rebus
659 2202 833 2248 nostris
857 2201 1038 2249 nullam
1062 2219 1254 2267 prorsus
1275 2204 1498 2252 habuisse
1519 2203 1816 2252 administra-

395 2276 576 2323 tionem
598 2287 680 2324 aut
701 2294 888 2341 curam,
915 2279 1127 2341 dimisso,
1155 2297 1344 2329 necesse
1368 2283 1471 2329 aliis
1491 2281 1682 2329 duobus
1707 2281 1809 2340 fuit,

395 2353 570 2419 quibus
590 2372 750 2402 rerum
776 2367 1047 2404 nostrarum
1070 2359 1402 2407 omnimodam
1427 2360 1816 2408 commiseramus

395 2433 783 2496 procurationem
799 2471 811 2494 ,
841 2444 893 2480 ut
922 2435 972 2482 in
997 2436 1217 2483 eamdem
1239 2436 1504 2484 concordes
1533 2437 1815 2484 sententiam

396 2524 484 2556 nec
517 2525 546 2556 a
574 2525 624 2557 se
649 2510 855 2557 invicem
880 2510 1174 2559 discedentes
1215 2513 1557 2560 invenirentur.
1597 2514 1741 2572 Quod
1777 2514 1815 2562 si

395 2585 679 2650 deprehensi
716 2586 933 2649 fuissent,
959 2588 1262 2636 manifestum
1292 2590 1359 2637 eis
1392 2590 1701 2655 impendebat
1722 2591 1816 2638 exi-

451 2778 488 2813 1.
520 2776 572 2815 Ge
591 2775 672 2814 doit
699 2776 781 2815 etre
807 2776 947 2816 Michel
970 2776 1083 2816 Basin
1099 2807 1111 2826 ,
1139 2790 1205 2816 sur
1226 2777 1353 2830 lequel
1377 2791 1428 2817 on
1456 2787 1638 2820 trouvera
1659 2792 1713 2818 un
1733 2788 1815 2819 acte

395 2838 448 2877 du
467 2838 554 2890 plus
575 2839 699 2892 grand
716 2839 856 2879 inter-et
874 2840 999 2893 parmi
1018 2840 1073 2880 les
1089 2840 1216 2893 pieces
1232 2841 1284 2880 du
1304 2841 1518 2893 quan-ieme
1538 2842 1706 2881 volume.

2039 3175 2060 3392 mfflw:n
2046 3126 2060 3162 m.
2052 3103 2060 3111 ‹.›
2054 3086 2060 3095 ..
