2060 3392
0 2465 15 2537 i

0 2541 10 2570 ᾳ

614 287 763 328 LIBER
787 287 990 326 PRIMUS.
1435 289 1511 327 323

92 384 261 433 contra
279 374 387 425 illos
406 373 673 426 homicidas
692 373 866 422 dicitur
893 374 1033 422 fuisse
1056 383 1355 439 prosecutus,
1381 374 1514 436 quod

19 491 23 497 .
91 452 237 512 etiam
257 452 437 507 salvam
451 451 666 518 gas-diam
683 451 805 516 regis
825 452 1076 500 violarant.
1097 453 1213 509 Quae
1229 450 1422 515 qualem
1434 466 1513 498 ac-

91 531 271 602 oeperit
295 530 492 592 exitum,
512 529 732 582 nondum
757 528 898 582 nobis
916 529 1027 576 satis
1046 539 1264 576 constare
1285 527 1515 576 haetenus

93 610 265 674 ponat

157 684 367 743 Stolidus
392 695 554 736 autem
577 684 796 750 praefatus
823 683 1071 744 sacerdos,
1104 701 1272 749 quem,
1299 695 1352 731 ut
1374 701 1517 751 supra

90 761 403 835 multum-5,
391 762 565 828 unpius
594 762 671 811 ille
693 762 877 819 satelles
906 762 1084 826 regim,
1110 763 1210 826 ejus
1237 779 1513 825 germanu5‚

94 841 160 898 ad
180 841 430 895 ecclesiam
450 850 664 890 nostram
690 840 843 891 facere
866 841 1140 905 promoveri
1163 840 1444 901 conabatur,
1471 851 1518 888 et

94 914 156 968 de
170 930 269 984 qua
281 917 428 972 veluti
442 934 530 984 per
546 915 733 966 obitum
751 927 969 969 nostrum
984 927 1181 965 vacante
1194 919 1518 983 provisionem

94 995 147 1052 in
168 997 388 1054 Romana
416 995 552 1044 curia
580 1012 629 1044 se
659 994 919 1044 obtinuisse
952 1004 1001 1043 et
1031 995 1208 1046 litteras
1229 996 1519 1061 expedivisse

94 1080 237 1145 atque
261 1081 525 1138 reportasse
541 1070 769 1135 jactabat,
797 1070 1023 1119 omnibus
1045 1087 1216 1118 exosus
1237 1081 1377 1136 atque
1396 1072 1519 1118 invi-

96 1166 192 1212 sus,
214 1149 266 1207 iu
288 1149 461 1202 misera
477 1149 695 1199 victitans
718 1158 1013 1214 paupertate,
1038 1149 1221 1195 cunctis
1241 1149 1449 1196 irrisioni
1474 1159 1522 1196 et

94 1224 307 1283 ludibrio
327 1236 480 1295 patet,
505 1226 719 1290 quotidie
742 1226 1181 1274 excommunicatus
1202 1236 1299 1274 tam
1320 1243 1410 1292 pro
1428 1243 1519 1274 aere

96 1303 272 1364 alieno,
293 1303 427 1375 quod
446 1303 555 1351 fecit
575 1304 626 1352 in
648 1319 734 1353 sua
751 1303 922 1351 stolida
942 1303 1149 1351 ecclesiae
1168 1315 1339 1352 nostrae
1360 1320 1520 1369 prose-

96 1380 305 1442 cutione,
330 1397 475 1445 quam
507 1397 595 1445 pro
618 1382 712 1427 suis
730 1379 1010 1435 criminibus
1029 1390 1075 1428 et
1096 1382 1201 1434 vitae
1223 1398 1369 1446 quam
1390 1381 1522 1428 ducit

97 1457 389 1523 turpitudine
408 1468 458 1505 et
478 1457 726 1506 foeditate¹.
753 1459 832 1504 Sic
857 1458 990 1522 quod
1013 1458 1124 1505 satis
1146 1459 1195 1504 in
1222 1451 1350 1506 dicta
1373 1458 1522 1523 impia

95 1544 143 1582 et
162 1533 329 1600 iniqua
353 1534 546 1595 familia,
571 1551 662 1603 pro
684 1551 877 1582 suarum
905 1535 1202 1599 impietatum
1224 1536 1420 1595 meritis,
1445 1535 1518 1582 di—

93 1611 216 1659 vinae
228 1611 418 1676 justitiae
432 1629 632 1660 censura
648 1629 716 1672 se,
740 1612 910 1678 procul
931 1611 1100 1675 dubio,
1119 1613 1280 1677 palam
1295 1613 1522 1660 omnibus

96 1690 436 1755 indicat-atque
461 1690 743 1738 manifestat.

159 1766 255 1816 Sed
280 1777 354 1828 et,
389 1767 799 1832 quemadmodum
833 1784 975 1832 supra
1004 1768 1364 1832 perstrinximus
1372 1769 1404 1827 ²,
1443 1768 1522 1815 ille

97 1860 354 1908 generosus
383 1844 578 1892 cadetus
607 1843 823 1902 Dalbret,
858 1844 917 1890 de
942 1843 1238 1891 nobilissima
1259 1844 1409 1891 domo
1437 1861 1521 1892 co-

98 1922 269 1977 mitum
299 1919 500 1968 Dalbret
527 1920 651 1968 filius
683 1931 730 1968 et
761 1920 909 1968 haeres
939 1938 997 1968 ex
1028 1932 1186 1986 parte,
1226 1922 1310 1985 qui
1338 1922 1522 1987 primus

98 1989 233 2049 dono
267 1999 398 2063 regio
412 2036 425 2059 ‚
467 2011 584 2047 a'usu
620 1997 803 2046 nefario
837 2008 884 2048 et
917 1999 1144 2063 sacrilego
1178 1999 1523 2065 temporalibus

97 2077 304 2132 eoelesiae
320 2087 491 2125 nostrae
507 2077 685 2144 potitus
707 2077 875 2139 suerat,
902 2094 1052 2142 eaque
1071 2079 1122 2133 in
1141 2094 1254 2125 suos
1275 2089 1523 2126 converte-

19 2179 25 2187 *
98 2154 415 2224 rat'profanos
432 2173 560 2212 usus,
583 2154 727 2202 etiam
742 2154 915 2202 divinae
930 2154 1125 2204 ultionis
1144 2155 1405 2204 vindictam
1420 2173 1522 2204 non

97 2231 277 2297 effugit.
306 2235 426 2282 Nam
455 2232 602 2298 paulo
627 2242 735 2298 post
754 2231 1091 2298 praedictorum
1114 2249 1276 2294 neces,
1311 2249 1429 2299 quas
1449 2251 1522 2282 re-

99 2309 308 2373 ωΙίωιιε,
332 2310 476 2359 etiam
506 2310 622 2375 ipse,
650 2326 762 2357 cum
789 2312 838 2356 in
863 2310 1121 2374 quamdam
1142 2326 1253 2374 erga
1279 2327 1439 2374 regem
1460 2311 1521 2359 de

99 2387 371 2454 proditione
391 2404 448 2439 ac
474 2387 676 2454 perfidia
699 2387 1018 2452 suspicionem
1040 2387 1328 2447 incurrisset,
1354 2405 1384 2435 a
1411 2406 1521 2453 rege

99 2465 252 2537 eapite
287 2465 452 2532 plexus
490 2465 888 2535 membratimque
925 2464 1129 2513 laniatus
1144 2501 1158 2527 ,
1202 2465 1521 2513 miserabilem

157 2605 174 2640 ἱ
185 2633 195 2640 .
224 2601 256 2640 Il
273 2601 363 2640 etait
380 2611 481 2641 mort
497 2602 653 2654 lorsque
673 2602 895 2642 Guillaume
912 2603 1037 2652 Reda,
1051 2605 1118 2655 qui
1133 2618 1181 2643 en
1198 2605 1306 2657 parle
1319 2619 1367 2644 en
1381 2614 1521 2644 termes

11 2674 18 2704 -3
101 2672 300 2712 couverts,
320 2664 454 2703 eci-ivit
468 2677 538 2702 son
557 2663 715 2703 histoire
733 2664 801 2704 des
820 2666 990 2717 eveques
1011 2665 1224 2706 d'Utrecht.
1247 2667 1339 2706 Voir
1357 2668 1523 2706 l'extrait

0 2794 18 2889 ἰ,

103 2726 283 2781 rapport&
299 2725 423 2779 parmi
440 2725 496 2764 les
514 2726 642 2779 picces
658 2726 711 2765 du
729 2729 796 2766 lv·
816 2727 984 2766 volume.

157 2790 197 2828 2.
226 2787 437 2837 Ci-dessus,
458 2802 498 2841 p.
518 2790 612 2828 281.
