2060 3392
438 289 513 327 ³00
1004 288 1257 326 nomeu.
1275 317 1284 335 ,

904 477 1245 522 CAPITULUM
1279 477 1379 521 XV.

432 607 485 643 De
500 606 637 642 consilii
653 604 900 653 requisitione,
919 603 1093 652 quidnam
1110 602 1290 651 agendum
1309 603 1415 638 nobis
1431 615 1539 652 nuper
1553 602 1732 652 praedictis
1748 604 1851 659 foret.

495 730 674 775 Verum
690 743 802 774 cum
822 734 1015 773 noctem
1034 740 1183 772 unam
1203 724 1477 771 insomnem
1497 733 1640 788 atque
1660 723 1853 772 anxiam

429 804 566 852 valde
595 821 691 870 prae
721 801 1054 868 hujuscemodi
1086 803 1256 850 nuntio
1289 801 1508 849 luctuoso
1539 802 1853 865 transegisse-

428 899 551 942 mus,
583 885 704 944 Deo,
729 882 793 930 ad
822 882 955 946 cujus
974 881 1122 929 solius
1144 880 1375 929 auxilium
1395 880 1770 945 confugiendum
1787 882 1854 928 vi-

427 960 677 1021 debamus,
702 960 786 1024 qui
811 980 835 1006 «
859 975 1111 1022 nunquam
1139 958 1314 1006 deserit
1336 969 1579 1024 sperantes
1599 959 1650 1006 in
1675 975 1743 1019 se,
1771 959 1855 1008 sed

426 1054 613 1102 semper
645 1047 816 1102 praesto
856 1036 989 1084 adest
1028 1036 1219 1101 adjutor
1250 1037 1302 1083 in
1336 1036 1772 1102 opportunitatibus
1803 1037 1854 1085 In

426 1113 750 1174 tribulatione,
780 1135 803 1158 n
826 1114 1128 1161 confortante
1157 1123 1205 1161 et
1228 1115 1508 1162 consolante
1537 1131 1644 1174 nos,
1669 1113 1854 1162 donum

426 1191 488 1239 ab
522 1209 600 1255 eo,
627 1194 677 1239 in
709 1193 791 1240 tali
813 1192 1146 1257 desperatione
1171 1192 1333 1239 auxilii
1355 1191 1575 1254 humani,
1600 1192 1788 1240 consilii
1809 1202 1855 1240 et

425 1270 713 1319 fortitudinis
731 1271 1020 1336 accepimus.
1047 1270 1383 1318 Venerabilem
1401 1271 1531 1318 enim
1555 1281 1699 1337 atque
1724 1288 1856 1337 speo-

424 1346 618 1395 tabilem
658 1349 814 1396 virum
855 1349 1122 1395 dominum
1151 1348 1214 1396 de
1256 1349 1588 1409 Claromonte,
1627 1349 1678 1396 in
1717 1349 1854 1398 dictis

424 1426 560 1472 terris
590 1427 716 1474 vices
741 1427 894 1489 regias
924 1429 1208 1490 gerentem¹,
1233 1427 1441 1473 crastino
1466 1440 1610 1474 mane
1632 1425 1855 1474 duximus

423 1503 718 1551 adeundum.
761 1506 796 1549 A
827 1519 925 1568 quo
956 1503 1113 1568 primo
1148 1503 1369 1550 sciscitati
1403 1503 1579 1550 fuimus
1619 1519 1683 1551 an
1715 1503 1854 1551 sciret

421 1581 554 1646 quod
576 1582 733 1645 regius
757 1581 835 1628 ille
857 1581 1075 1640 nuntius,
1105 1581 1165 1627 de
1188 1596 1286 1644 quo
1320 1579 1461 1627 nobis
1488 1581 1641 1629 fuerat
1662 1582 1853 1628 nuntia·

422 1669 551 1718 tum,
585 1660 687 1723 jam
719 1659 783 1707 ad
814 1669 975 1707 terras,
995 1658 1098 1706 illas
1129 1658 1448 1723 applicuisset.
1484 1659 1579 1716 Qui
1608 1657 1750 1706 nobis
1780 1675 1855 1706 re-

421 1737 633 1802 spondit,
660 1737 721 1784 de
740 1737 948 1784 adventu
967 1737 1165 1801 quidem
1189 1736 1290 1799 ejus
1313 1735 1435 1783 nihil
1452 1739 1855 1802 percepisse3⁴cae-

421 1827 575 1862 terum
599 1832 650 1862 se
672 1832 729 1862 ex
751 1816 883 1863 curia
905 1815 1028 1878 regis
1053 1815 1314 1879 suscepisse
1344 1813 1522 1862 litteras
1549 1814 1612 1862 ab
1643 1831 1744 1862 uno
1765 1832 1855 1863 suo

421 1893 664 1952 servitore,
693 1894 775 1956 qui
797 1892 1055 1941 affirmaret
1085 1909 1196 1939 eum
1212 1928 1224 1951 ,
1258 1908 1345 1956 per
1368 1908 1530 1955 regem
1553 1893 1851 1958 expeditum,

420 1971 598 2018 litteras
629 1981 676 2017 et
709 1970 937 2018 mandata
974 1969 1150 2038 debere
1184 1969 1246 2017 ad
1281 1984 1371 2016 nos
1405 1969 1588 2018 deferre
1620 1987 1707 2036 per
1736 1987 1856 2036 quas

423 2048 563 2095 nobis
584 2065 793 2096 recessus
817 2049 877 2095 de
899 2048 979 2095 illa
1009 2048 1163 2113 patria
1193 2057 1241 2094 et
1262 2047 1310 2094 in
1339 2048 1589 2095 Franciam
1617 2065 1855 2112 regressus

422 2125 755 2173 inhiberentur
774 2135 916 2190 atque
936 2124 1355 2185 interdicerentur,
1383 2135 1607 2173 revocata
1628 2135 1675 2173 et
1699 2126 1853 2173 exsuf-

424 2204 534 2251 flata
550 2204 646 2262 illa,
669 2204 729 2251 de
747 2219 844 2268 qua
860 2204 1006 2268 paulo
1025 2213 1135 2251 ante
1154 2203 1480 2267 meminimus,
1504 2202 1689 2251 indulta
1711 2202 1852 2250 nobis

424 2282 658 2330 redeundi
679 2281 889 2329 licentia.

477 2433 516 2470 1.
547 2429 732 2468 L’auteur
756 2441 796 2466 se
822 2437 974 2480 trompe
995 2441 1062 2466 sur
1083 2428 1122 2466 le
1148 2427 1236 2466 titre
1260 2440 1311 2465 ou
1339 2427 1531 2479 peut-&tre
1559 2427 1687 2466 meme
1713 2441 1780 2466 sur
1796 2428 1851 2467 les

423 2490 612 2530 fonctions
633 2490 686 2528 du
704 2503 960 2542 personnage.
981 2493 1036 2528 Le
1053 2490 1221 2528 vice-roi
1248 2489 1296 2527 de
1314 2489 1538 2528 Roussillon
1561 2503 1610 2528 en
1636 2492 1740 2529 1468
1762 2491 1854 2530 c¹tait

422 2557 518 2592 Jean
538 2553 586 2591 de
604 2553 721 2601 Foix,
747 2561 873 2591 comte
893 2552 940 2590 de
966 2551 1133 2591 Candale
1157 2560 1196 2589 et
1218 2551 1346 2603 captal
1366 2551 1415 2590 de
1434 2551 1541 2590 Buch
1564 2567 1574 2590 ε
1598 2551 1626 2590 il
1651 2552 1733 2590 faut
1751 2551 1852 2591 donc

424 2630 500 2668 que
521 2616 558 2654 le
577 2616 756 2668 seigneur
779 2615 827 2654 de
846 2615 1041 2654 Clermont
1067 2614 1120 2652 ait
1138 2614 1198 2652 ete
1223 2614 1438 2653 seulement
1456 2614 1669 2654 lieutenant
1687 2614 1737 2654 de
1753 2618 1857 2663 Jean,

425 2679 473 2717 de
498 2679 610 2726 Foix‚
636 2692 688 2717 ou
708 2677 798 2716 bien
819 2689 1065 2730 gouverneur
1088 2690 1137 2716 en
1168 2676 1254 2716 titre
1279 2676 1328 2715 de
1358 2677 1591 2729 Perpignan.
1618 2677 1650 2732 Il
1674 2691 1774 2716 nous
1793 2687 1850 2716 est

424 2741 618 2780 d'ailleurs
635 2740 857 2793 impossible
875 2740 923 2779 de
942 2740 1026 2778 dire
1044 2739 1103 2778 s'il
1126 2739 1236 2791 s'agit
1263 2737 1357 2778 d'un
1386 2741 1563 2791 seigneur
1584 2740 1633 2779 de
1654 2740 1849 2780 Clermont

425 2815 474 2840 en
492 2802 712 2854 Dauphine‚
732 2816 784 2842 ou
804 2802 896 2841 d’un
916 2800 1303 2841 Clermont-Lodeve.
