2060 3392
434 274 483 310 ko
798 267 1137 307 HISTORIARUM
1164 267 1401 308 LUDovlcl
1429 271 1485 307 xl

434 359 630 406 minime
663 354 1061 422 placerent),‘sed
1095 348 1195 401 non
1223 371 1279 402 ea
1313 355 1406 404 fide
1438 371 1525 422 per
1556 357 1736 420 omnia,
1771 359 1849 406 cui

434 445 736 496 mercatores,
757 433 936 496 absque
952 432 1134 496 ingenti
1153 432 1385 498 periculo,
1408 451 1457 482 se
1475 434 1705 483 auderent
1721 452 1851 484 com-

434 514 635 561 mittere.
679 514 798 559 Nam
819 510 1008 575 palam,
1039 519 1164 557 terra
1198 503 1412 575 marique
1444 511 1750 577 praedonibus
1779 513 1850 561 in-

399 615 406 622 ·
433 588 731 638 cursantibus
744 626 757 650 ,
788 587 961 635 sensim
1000 585 1270 651 perturbari
1298 598 1346 635 et
1376 589 1544 637 violari
1573 599 1846 656 coeperunt,

433 667 604 733 praedis
627 676 674 714 et
701 666 878 730 rapinis
902 665 1017 712 hinc
1044 674 1093 712 et
1118 664 1229 720 inde
1254 665 1412 728 factis,
1445 666 1680 716 ambabus
1710 669 1852 734 parti-

433 745 524 792 bus
547 745 596 791 in
624 744 874 791 alterutros
913 758 1105 794 causam
1140 743 1321 807 injuriae
1345 753 1393 791 et
1422 744 1610 792 initium
1645 755 1852 811 rupturae

433 821 759 871 referentibus.
809 819 1148 869 AEstimabatur
1185 830 1346 868 tamen
1385 838 1415 869 a
1442 823 1601 870 multis
1632 823 1852 887 hujusce-

433 902 565 950 modi
588 911 760 965 treugae
782 899 1189 966 perturbationem
1211 916 1240 948 a
1258 899 1458 948 subditis
1477 900 1634 962 ducis,
1656 900 1848 970 quibus,

433 981 501 1028 uti
525 980 731 1027 diximus
747 1016 758 1038 ‚
779 995 966 1044 semper
989 995 1046 1026 ex
1074 977 1210 1026 initio
1241 977 1546 1044 displicuerat
1559 1017 1572 1042 ,
1602 988 1727 1028 terra
1751 995 1852 1028 ma-

434 1059 568 1123 rique
585 1057 852 1106 inchoasse.

888 1253 1230 1299 CAPITULUM
1263 1255 1386 1300 ΧΠΙ.

433 1386 488 1419 De
511 1382 605 1419 dieta
632 1389 759 1418 statuta
782 1380 829 1417 ad
845 1380 1132 1418 conveniendum
1154 1381 1351 1425 cameraci,
1378 1394 1445 1430 pro
1465 1394 1553 1430 paee
1566 1382 1764 1429 tractanda,
1776 1393 1854 1432 que

919 1438 1064 1473 minime
1080 1438 1263 1474 observata
1281 1439 1361 1476 fuit.

500 1556 698 1618 Fuerat„
733 1555 783 1602 in
825 1553 1045 1603 faciendo
1095 1564 1142 1602 et
1193 1555 1479 1620 paciscendo
1522 1556 1855 1622 hujuscemodi

434 1641 620 1695 treugas
636 1669 649 1691 ,
684 1641 857 1680 statuta
894 1642 943 1680 et
976 1631 1156 1680 indicta
1172 1669 1185 1694 ,
1214 1631 1467 1680 ambarum
1499 1634 1706 1698 partium
1741 1650 1857 1682 con·

433 1726 574 1757 sensu
592 1746 604 1770 ,
627 1709 756 1758 dieta
787 1709 1075 1758 celebranda
1095 1709 1225 1775 apud
1245 1711 1556 1758 Cameracum
1571 1749 1584 1773 ,
1618 1711 1704 1759 ubi
1734 1712 1856 1776 regis

434 1798 481 1835 et
512 1787 646 1836 ducis
684 1787 928 1854 deputati,
964 1786 1026 1838 ad
1062 1786 1366 1835 tractandum
1399 1787 1461 1835 de
1494 1805 1611 1853 pace
1643 1789 1719 1837 vel
1747 1805 1857 1855 pro·
1914 1841 1919 1847 ,

434 1862 599 1913 lixiOre
634 1875 826 1929 treuga,
863 1865 1120 1913 convenire
1163 1864 1394 1913 deberent
1433 1867 1655 1932 proximo
1694 1883 1856 1915 mense

435 1942 710 2008 septembri.
758 1942 1050 1991 Adveniente
1083 1959 1199 1991 vero
1240 1952 1416 1991 statuto
1456 1954 1674 2010 tempore
1693 1982 1706 2007 ,
1744 1962 1856 1994 cum

434 2021 574 2084 legati
598 2021 735 2068 ducis
762 2037 862 2068 sese
888 2021 1018 2086 apud
1039 2021 1218 2069 dictam
1244 2020 1416 2068 urbem
1442 2023 1727 2088 recepissent
1746 2059 1759 2083 ‚
1794 2023 1858 2070 le—

415 2098 530 2171 ,⁴8³5
545 2107 592 2144 et
610 2098 921 2145 commissarii
944 2098 1066 2162 regis
1083 2100 1095 2122 ¹
1119 2109 1219 2146 non
1242 2099 1440 2164 propius
1459 2116 1605 2164 quam
1621 2099 1856 2166 oppidum

436 2176 830 2234 Sancti-Quintini
851 2175 1078 2224 accedere
1098 2176 1370 2224 voluerunt.
1399 2179 1510 2235 Quo
1533 2194 1645 2225 eum
1666 2177 1742 2239 hi,
1772 2177 1856 2242 qui

436 2257 748 2303 Cameracum
779 2270 838 2302 ex
865 2264 999 2320 parte
1028 2253 1163 2302 ducis
1197 2254 1491 2303 advenerant
1508 2291 1521 2315 ‚
1557 2255 1755 2303 minime
1786 2255 1856 2303 ire

437 2333 610 2381 vellent
626 2371 639 2395 ,
670 2349 760 2380 nec
788 2332 868 2380 alii
896 2335 1207 2381 Cameracum
1224 2370 1237 2395 ,
1257 2333 1391 2397 juxta
1420 2333 1552 2397 quod
1577 2333 1855 2381 condictum

436 2411 695 2472 exstiterat,
729 2409 973 2472 accedere,
1004 2410 1116 2476 ipsis
1141 2409 1275 2474 (licet
1293 2410 1419 2458 ultro
1441 2411 1656 2475 citroque
1677 2410 1856 2458 securi-

436 2495 555 2536 tates
591 2497 638 2535 et
667 2487 844 2535 litteras
877 2486 938 2534 de
975 2487 1105 2535 salvo
1140 2487 1382 2536 conductu
1418 2488 1623 2536 invicem
1659 2487 1857 2536 offeren-

491 2651 530 2688 ¹.
560 2650 634 2688 Ces
647 2647 947 2695 commissuros,
969 2659 1018 2685 au
1037 2645 1200 2685 nombre
1222 2646 1271 2684 de
1288 2646 1369 2694 six,
1390 2655 1478 2685 sont
1493 2648 1668 2686 nommes
1687 2647 1782 2686 dans
1800 2660 1854 2685 un

438 2712 635 2762 protocole
663 2711 730 2763 qui
756 2711 823 2749 fait
851 2710 948 2750 suite
971 2712 994 2748 a
1021 2710 1132 2748 Paete
1153 2709 1203 2747 de
1229 2710 1265 2748 la
1290 2712 1411 2749 treve.
1440 2711 1852 2763 Lenglet-Dusresnoy‚

439 2770 661 2822 Commin'es,
683 2782 711 2813 t.
732 2775 789 2812 111
802 2802 813 2821 ‚
833 2786 874 2825 p.
894 2774 986 2814 546.
1905 2773 1907 2775 ’
