2060 3392
371 280 448 317 200
525 277 863 317 HISTORIARUM
893 277 1128 325 LUDOVICI
1150 278 1229 327 xl,
1253 278 1397 315 LIBER
1423 278 1675 318 SEPTIMUS.

371 378 514 434 atque
535 367 737 428 articuli,
770 376 871 414 esto
894 365 1264 430 gravaminibus,
1289 383 1394 430 quae
1416 382 1615 429 regnum
1632 377 1787 432 pertu-

370 447 503 507 lerat,
520 444 749 491 universis
770 442 1068 491 enarrandis¹
1086 442 1229 506 longe
1247 442 1458 490 minores
1481 453 1621 506 atque
1639 443 1787 503 insuf-

369 523 581 571 ficientes
612 531 765 569 essent
781 558 794 582 ‚
830 522 940 568 satis
966 530 1126 568 tamen
1153 519 1347 568 abunde
1375 514 1658 586 adstipulari
1675 538 1786 586 pos-

369 610 479 648 sunt
509 600 585 647 his
608 615 712 663 quae
742 598 805 646 de
840 598 986 663 ipsius
1020 597 1137 660 fide,
1160 598 1340 662 justitia
1370 607 1417 645 et
1438 599 1579 645 variis
1608 598 1788 658 vitiosis

369 675 583 723 moribus
615 675 666 721 in
702 673 1026 739 superioribus
1054 674 1404 739 descripsimus.
1434 676 1553 721 Nam
1591 673 1787 737 hujusce
1829 700 1833 704 -

368 753 667 818 querelarum
688 751 890 811 articuli,
919 751 1056 799 editis
1078 751 1138 799 de
1168 768 1228 799 eo
1255 750 1426 798 libellis
1453 760 1502 797 et
1525 767 1612 816 per
1632 761 1787 799 totum

367 848 566 895 regnum
588 848 617 879 a
630 831 866 878 librorum
887 829 1248 895 impressoribus
1269 828 1582 894 exemplatis',
1607 828 1787 894 ubique

368 908 595 975 publicati
630 907 1018 972 disseminatique
1050 906 1264 968 fuerunt,
1302 922 1413 953 cum
1445 906 1622 953 caeteris
1645 907 1787 954 etiam

366 1003 470 1051 quae.
499 987 549 1033 in
571 984 700 1033 dicto
732 985 934 1032 solemni
957 993 1198 1031 conventu
1220 983 1410 1032 actitata
1435 982 1788 1048 deliberataque

365 1074 516 1112 erant.

431 1146 489 1190 Et
517 1141 715 1208 quando
745 1141 805 1188 de
839 1141 912 1188 his
942 1140 1069 1202 satis,
1096 1140 1226 1188 hunc
1256 1139 1434 1188 librum
1468 1140 1721 1204 septimum
1741 1150 1788 1187 et

365 1221 585 1268 ultimum
620 1219 680 1267 de
710 1218 852 1266 rebus
874 1219 1012 1282 gestis
1038 1234 1123 1284 per
1156 1218 1454 1265 Ludovicum
1476 1211 1754 1265 claudamus
1772 1255 1785 1279 ,

365 1306 411 1343 et
436 1295 611 1360 [ipsum
634 1293 901 1359 hominem]
919 1332 931 1356 ‚
958 1310 1070 1341 cum
1094 1310 1153 1341 eo
1178 1310 1276 1357 quo
1299 1292 1472 1356 dignus
1491 1302 1559 1357 est
1581 1292 1785 1354 honore,

364 1374 507 1420 etiam
531 1372 785 1440 sepulchro
813 1372 1086 1420 inferamus.

421 1507 436 1540 1
450 1533 460 1542 .
490 1503 562 1540 Ms.
585 1503 853 1539 enarrandum.

419 1572 458 1608 2.
490 1573 629 1608 Aucun
644 1568 911 1622 bibliographe
928 1569 993 1606 n⁷a
1011 1581 1060 1606 eu
1080 1568 1354 1607 connaissance
1371 1567 1420 1605 de
1439 1578 1502 1604 ces
1517 1565 1644 1617 pieces
1655 1565 1789 1617 impri-
1807 1589 1810 1593 ›

367 1633 471 1671 mees
493 1631 560 1669 des
578 1632 698 1670 1484.
719 1632 771 1671 Ce
789 1644 865 1682 que
885 1631 923 1669 la
950 1642 1080 1682 presse
1100 1643 1199 1668 nous
1217 1643 1240 1668 a
1257 1629 1369 1667 laisse
1394 1628 1441 1666 de
1459 1627 1546 1679 plus
1570 1626 1705 1665 ancien
1724 1639 1791 1664 sur

363 1696 420 1733 les
439 1690 543 1733 Etats
561 1694 609 1732 de
630 1697 751 1732 Tours
769 1707 819 1733 ne
835 1687 1011 1732 remonte
1033 1692 1123 1743 qu’a
1144 1693 1263 1730 1518.

737 2159 836 2185 mus
862 2158 967 2183 unu
994 2159 1140 2184 amun
1170 2146 1234 2196 [m
1261 2147 1431 2196 mmm}
