2060 3392
495 331 572 367 292
1064 329 1316 367 APOLOGIA
1329 359 1339 377 ,

494 419 655 484 patriae
679 419 800 467 adeo
826 428 1011 482 gratum
1049 434 1078 465 a
1105 434 1213 482 rege
1243 419 1319 466 vel
1341 419 1628 466 destinatum
1659 417 1733 464 vel
1771 417 1910 465 fuisse

494 497 820 544 commissum.
857 494 992 542 Unde
1022 510 1157 556 cum,
1194 494 1335 542 nobis
1358 495 1466 542 ,illic
1501 492 1774 558 agentibus,
1800 509 1912 540 suus

495 574 703 638 optimus
734 571 948 619 Elnensis
990 571 1195 619 ecclesiae
1238 572 1450 636 pontifex
1492 587 1550 619 ex
1582 571 1674 618 hac
1706 569 1912 618 instabili

491 651 596 698 luce
621 639 866 713 migrasset
893 649 956 697 ad
985 649 1224 697 Christum
1240 653 1270 711 ¹,
1309 648 1541 715 optabant
1570 647 1911 714 quamplurimi

491 737 560 786 ut,
587 727 781 774 dimissa
798 736 961 774 nostra
984 727 1279 788 Lexoviensi‚
1301 726 1580 791 hujusmodi
1599 725 1811 790 regimen
1832 730 1911 772 ec-

491 805 642 852 clesiae
663 806 849 869 assequi
870 804 1125 867 vellemuS,
1161 805 1295 869 cujus
1319 815 1580 870 proventus
1615 821 1716 851 non
1752 804 1911 852 minus

489 882 660 930 uberes
679 883 842 947 utique
858 882 1102 929 exsistunt.
1118 881 1188 929 Ad
1202 899 1309 930 eam
1317 899 1432 930 vero
1445 899 1547 929 rem
1565 880 1909 947 perficiendam

488 960 709 1008 nonnulli
727 960 787 1007 de
811 959 1073 1023 majoribus
1097 959 1340 1007 nobilibus
1361 961 1556 1008 daturos
1577 976 1626 1007 se
1643 968 1911 1024 operam'et

487 1055 622 1086 suam
651 1038 929 1086 offerebant
947 1038 1364 1085 interventionem.
1392 1038 1559 1101 Atqui,
1593 1037 1704 1084 licet
1724 1037 1774 1084 in
1803 1053 1909 1083 mo-

483 1115 614 1162 ribus
636 1116 786 1179 gentis
804 1114 955 1162 multa
970 1116 1080 1162 satis
1102 1115 1523 1167 commendatione
1543 1114 1689 1178 digna
1709 1130 1909 1178 cognos-

483 1211 698 1241 ceremus
719 1204 861 1258 atque
888 1193 1203 1259 probaremus
1218 1231 1232 1255 ,
1259 1203 1420 1241 tamen
1442 1193 1563 1240 aeris
1587 1191 1712 1239 illius
1741 1192 1910 1240 intem-

483 1272 770 1336 perantiam
792 1270 1029 1334 nobisque
1080 1270 1402 1319 intolerabiles
1438 1279 1577 1318 aestus
1618 1269 1740 1317 ferre
1776 1269 1909 1319 nullo

484 1349 632 1396 modo
653 1349 735 1396 diu
755 1366 894 1414 posse
910 1349 1298 1396 existimavimus.
1322 1351 1444 1395 Nam
1465 1357 1512 1395 et
1529 1348 1658 1412 ipsos
1676 1346 1910 1411 indigenis

483 1444 647 1490 graves
691 1438 832 1490 atque
867 1427 1092 1474 molestos
1129 1443 1229 1474 esse
1264 1426 1533 1490 multasque
1561 1426 1630 1472 eis
1651 1425 1909 1490 quotannis

482 1503 651 1550 aestivis
686 1503 931 1551 mensibus
963 1505 1222 1570 importare
1251 1503 1551 1566 aegritudines
1571 1539 1585 1563 ‚
1618 1512 1665 1550 et
1694 1503 1784 1567 ipsi
1807 1517 1909 1550 ma-

482 1580 652 1628 nifesto
689 1581 1000 1646 probavimus
1037 1582 1362 1646 experimento
1377 1619 1390 1643 ‚
1439 1591 1485 1628 et
1524 1598 1553 1629 a
1593 1580 1777 1628 cunctis
1810 1579 1908 1628 fere

481 1659 627 1723 ipsius
661 1657 805 1706 'terrae
844 1659 1019 1709 accolis
1060 1675 1182 1724 saepe
1228 1659 1521 1717 audivimus;
1565 1658 1648 1722 qui
1692 1657 1906 1723 profecto

483 1736 846 1785 admirabantur
866 1736 1116 1802 quomodo
1135 1737 1236 1784 sine
1256 1736 1386 1784 febre
1405 1746 1613 1783 aestatem
1635 1735 1732 1782 illic
1744 1751 1746 1753 ’
1758 1745 1907 1783 trans—

479 1816 606 1877 igere
630 1815 891 1880 potuimus.
917 1813 1119 1861 Aiebant
1142 1814 1272 1861 enim
1285 1850 1298 1874 ‚
1320 1814 1387 1860 uti
1407 1830 1594 1862 annuos
1613 1830 1782 1861 census
1802 1830 1909 1861 suo·

480 1910 588 1940 rum
614 1893 905 1958 praediorum
935 1891 1145 1939 dominis
1180 1902 1414 1940 terrarum
1453 1892 1729 1955 regulariter
1757 1890 1907 1939 habe-

480 1980 587 2018 rent
618 1971 883 2030 exsolvere,
924 1970 990 2017 ita
1023 1969 1116 2017 sibi
1137 1985 1236 2035 >per
1272 1986 1426 2017 annos
1453 1969 1664 2033 singulos
1695 1967 1906 2016 febribus

480 2047 768 2096 decumbere
787 2058 1027 2095 assuetum
1045 2047 1146 2095 fore
1157 2058 1205 2095 et
1215 2048 1266 2094 in
1283 2046 1682 2095 consuetudinem
1693 2062 1901 2094 versum.

480 2129 656 2174 AEstate
678 2142 775 2190 qua
796 2126 892 2173 illic
917 2125 1092 2173 suimus
1108 2161 1120 2185 ‚
1147 2125 1340 2173 aiebant
1362 2142 1522 2173 aerem
1541 2124 1780 2172 salubrem
1803 2141 1904 2172 esse

481 2204 548 2267 (et
569 2220 733 2253 revera
758 2204 956 2251 minime
987 2203 1211 2268 pestilens
1247 2203 1365 2267 erat)
1387 2222 1400 2264 ;
1428 2213 1588 2251 tamen
1604 2214 1622 2262 ,‘
1655 2202 1725 2249 uti
1758 2202 1902 2266 vulgo

480 2281 798 2330 aestimabatur
813 2319 826 2343 ‚
861 2282 958 2329 duo
1001 2281 1096 2328 illic
1134 2281 1282 2328 millia
1314 2281 1568 2334 hominum
1606 2280 1903 2327 aestuantium

532 2463 571 2501 1.
601 2462 687 2500 Ceci
707 2461 853 2500 servira
870 2463 893 2499 a
905 2461 1077 2512 corriger
1092 2460 1130 2498 le
1149 2462 1278 2498 Gallia
1295 2461 1504 2498 christiana
1521 2461 1566 2508 (t.
1578 2461 1647 2507 VI,
1667 2459 1742 2498 col.
1765 2461 1900 2510 1063),

479 2525 547 2574 qui
569 2524 635 2562 fait
652 2524 763 2562 vivre
777 2524 958 2574 jusqu'en
978 2524 1081 2561 1469
1101 2522 1267 2560 A'ntoine
1285 2521 1333 2559 de
1351 2521 1547 2568 Cardone,
1568 2534 1708 2573 promu
1730 2534 1780 2560 au
1799 2522 1902 2575 siege

479 2586 613 2625 d’Elne
644 2587 681 2625 le
710 2589 760 2624 23
791 2585 1008 2638 septembre
1036 2585 1156 2624 1461.
1196 2587 1250 2622 Le
1283 2584 1411 2632 sejour
1439 2583 1488 2622 de
1515 2583 1692 2622 Thomas'
1711 2584 1827 2622 Basin
1853 2597 1902 2623 en

478 2649 695 2688 Roussillon
726 2657 882 2700 portant
905 2661 971 2686 sur
995 2647 1146 2685 l’annee
1167 2649 1268 2685 1467
1292 2649 1347 2694 (v.
1369 2649 1450 2695 st.)‚
1475 2646 1501 2684 il
1520 2659 1568 2684 en
1587 2645 1731 2684 resulte
1753 2645 1903 2698 qu’An-

478 2712 582 2750 toine
606 2711 654 2750 de
682 2711 857 2751 Cardone
881 2718 1037 2749 mourut
1057 2718 1155 2748 cette
1183 2709 1361 2747 annee—la
1381 2717 1419 2746 et
1447 2722 1522 2760 que
1543 2709 1580 2746 le
1607 2708 1710 2761 siege
1733 2716 1835 2747 resta
1851 2720 1900 2746 en

475 2787 643 2813 vacance
663 2773 844 2825 jusqu'en
875 2774 995 2820 1471,
1016 2785 1092 2823 que
1119 2771 1178 2810 fut
1194 2771 1348 2809 institue
1374 2770 1529 2810 Charles
1553 2770 1602 2810 de
1628 2769 1896 2818 Saint-Gelais‚

474 2849 697 2876 successeur
720 2835 940 2875 d'Antoine.
