2060 3392
664 295 812 333 LIBER
850 295 1050 332 SEXTUS.
1502 296 1552 332 85

150 383 285 431 Unde
323 392 389 431 et'
403 383 610 448 primum
652 383 786 430 inviti
833 382 1055 430 eumdem
1096 398 1234 430 suum
1258 381 1551 447 pontificem,

146 467 430 524 procurante
465 458 586 506 duce
610 457 827 523 Philippo
859 474 889 505 a
923 457 1043 505 Sede
1074 456 1334 523 apostolica
1353 473 1556 522 promo-

147 545 250 583 tum
260 539 291 597 ¹,
316 553 416 584 non
435 536 641 584 valentes
662 534 874 599 ejusdem
914 535 1118 600 Philippi
1138 533 1387 582 conatibus
1409 533 1557 583 obsis·

147 621 268 673 tere,
291 622 620 678 susceperunt,
643 629 753 659 cum
773 612 949 659 electus
971 611 1088 659 alter
1111 611 1272 659 fuisset
1292 611 1432 659 frater
1467 611 1556 659 do·

147 689 265 737 utini
287 689 348 738 de
368 688 655 751 Brederode,
671 690 754 754 qui
774 690 1050 754 praepositus
1068 699 1168 737 erat
1182 689 1387 737 ecclesiae
1399 690 1557 738 Sancti

149 767 335 815 Martini
368 767 710 831 Trajectensis²,
750 767 810 814 de
832 767 1008 815 familia
1028 767 1213 830 utique,
1239 784 1344 832 quae
1368 783 1465 814 una
1485 769 1558 816 vel

146 843 382 909 praecipua
421 860 607 910 semper
648 843 787 891 fuisse
833 843 978 891 fertur
1018 844 1315 892 tenacissima
1351 845 1558 909 partium

147 919 495 968 Hoeckensium
517 922 568 968 in
589 920 859 968 Hollandia.

212 999 280 1044 Ex
312 997 388 1045 his
409 998 568 1062 itaque
605 998 752 1045 animi
785 996 1039 1044 latentibus
1062 996 1260 1059 morbis,
1299 998 1411 1046 odia
1451 1015 1562 1046 con-

148 1083 372 1139 ceperant
393 1084 442 1122 et
457 1075 725 1122 inimicitias
744 1074 1061 1138 Trajectenses
1075 1073 1212 1121 multi
1234 1085 1401 1122 contra
1421 1092 1561 1124 suum

147 1150 452 1216 pontificem3
477 1168 753 1217 quanquam
774 1169 831 1199 ex
854 1150 1037 1199 civibus
1047 1150 1343 1214 gravioribus
1363 1169 1420 1200 ac
1430 1153 1562 1200 locu·

147 1228 426 1292 pletioribus
463 1229 617 1294 major
646 1245 888 1291 numerus,
929 1228 1099 1294 procul
1142 1228 1311 1288 dubio,
1348 1229 1562 1293 ejusdem

147 1305 220 1352 sui
231 1305 470 1370 pontificis
483 1307 733 1370 justitiam,
746 1305 1085 1370 benignitatem
1101 1315 1242 1370 atque
1257 1305 1561 1371 prudentiam

147 1393 421 1447 pensantes,
463 1383 604 1431 simul
648 1384 986 1447 quietissimam
1027 1392 1076 1430 et
1119 1382 1432 1430 felicissimam
1480 1401 1563 1449 pa-

147 1474 278 1521 oem,
319 1477 465 1525 quam
507 1460 596 1508 sub
632 1477 719 1507 suo
753 1460 1004 1525 praesulatu
1044 1477 1130 1526 per
1168 1476 1322 1508 annos
1359 1461 1563 1526 amplius

147 1536 312 1600 viginti
335 1547 541 1602 quatuor
565 1538 834 1586 habuerant
864 1538 988 1602 (quae
1017 1554 1127 1586 raro
1148 1539 1217 1587 eis
1243 1549 1343 1587 tam
1378 1538 1564 1588 diutina

146 1613 338 1664 durasse
359 1617 549 1681 cognita
568 1626 662 1678 est,
688 1617 739 1663 in
760 1616 940 1663 saeculis
959 1617 1243 1681 retroactis),
1269 1633 1381 1664 eum
1400 1616 1564 1681 dilige-

146 1689 287 1754 bant,
311 1703 359 1740 et
384 1703 439 1740 ut
457 1694 724 1756 longaevum
758 1709 859 1740 esse
884 1692 934 1739 in
952 1692 1360 1741 administratione
1381 1694 1565 1759 episco-

148 1778 286 1834 patus
317 1786 429 1817 eum
464 1770 555 1819 sibi
578 1771 739 1819 divina
762 1771 912 1836 pietas
937 1770 1162 1833 donaret,
1192 1771 1314 1819 votis
1341 1772 1563 1838 supplici-

149 1846 241 1894 bus
258 1848 590 1912 precabantur.

215 1925 299 1972 His
336 1926 495 1990 itaque
515 1927 711 1991 aliisque
741 1925 964 1972 odiorum
989 1926 1140 1974 causis
1182 1927 1407 1976 stimulati
1424 1929 1454 1986 ⁸,
1481 1929 1564 1992 qui

150 2003 433 2068 pertinacius
453 2013 606 2069 partes
627 2003 843 2051 factionis
858 2003 1207 2051 Hoeckensium
1223 2004 1560 2067 defendebant,

150 2079 252 2127 aliis
272 2079 658 2142 adversabantur,
674 2080 758 2145 qui
780 2097 918 2127 suum
937 2080 1214 2145 pontificem
1229 2083 1362 2146 sequi
1384 2099 1440 2130 ac
1457 2082 1565 2130 dili·

204 2270 244 2308 1.
273 2267 437 2308 Thomas
455 2269 567 2307 Basin
581 2298 592 2316 ‚
618 2260 713 2308 dans
738 2281 808 2307 son
835 2267 1001 2307 Histoire
1027 2267 1075 2306 de
1099 2267 1254 2308 Charles
1271 2270 1341 2307 vn
1355 2297 1365 2315 ‚
1391 2268 1494 2308 avait
1512 2269 1568 2308 dit

148 2323 245 2372 avec
260 2331 346 2384 plus
364 2331 553 2383 d'equite,
571 2345 619 2370 en
637 2331 788 2384 pariant
805 2331 854 2370 de
874 2331 912 2370 la
930 2343 1068 2383 guerre
1085 2342 1161 2381 que
1179 2330 1353 2383 Philippe
1371 2331 1407 2370 le
1424 2334 1507 2370 Bon
1526 2332 1568 2370 fit

151 2406 229 2436 aux
254 2393 461 2443 Trajectins
486 2406 534 2432 en
565 2395 693 2432 1456:
720 2411 737 2428 α
758 2395 812 2432 Ut
841 2406 907 2432 eos
934 2393 984 2431 ad
1012 2392 1226 2444 parendum
1253 2393 1471 2445 apostolicis
1499 2394 1565 2432 de-

152 2456 284 2505 cretis,
308 2457 370 2495 vel
392 2457 469 2495 suis
486 2457 612 2509 potius
631 2455 847 2504 desider-HS,
875 2456 1016 2495 invitos
1038 2463 1076 2493 et
1096 2455 1282 2494 coercitos
1300 2455 1520 2496 adduceret.
1544 2472 1564 2491 n

151 2520 196 2558 Τ.
214 2521 232 2558 1
249 2547 261 2566 ,
281 2532 321 2571 p.
347 2519 440 2558 287.

207 2583 246 2620 2.
277 2579 430 2620 Gisbert
459 2581 507 2619 de
530 2580 767 2628 Brederode,
795 2581 933 2632 prevot
966 2580 1014 2618 de
1045 2580 1082 2618 la
1115 2579 1333 2618 cathedrale
1352 2578 1565 2618 d’Utrecbt.

156 2642 355 2681 Matthaeus
379 2656 402 2681 a
420 2643 548 2681 donne
576 2643 687 2681 l'acte
719 2642 768 2681 de
794 2655 864 2681 son
890 2641 1074 2688 selectim,
1096 2641 1182 2679 date
1207 2641 1260 2679 du
1280 2645 1302 2679 7
1323 2641 1418 2679 avril
1447 2641 1566 2678 1455.

154 2706 358 2751 Analecta,
388 2713 416 2744 t.
436 2707 495 2750 11,
519 2719 558 2756 p.
583 2706 670 2744 342.
756 2701 759 2704 ᾗ

209 2768 248 2806 3.
279 2766 412 2806 Matth.
434 2766 724 2806 stimulantibus.
