2060 3392
452 228 455 233 ’
513 221 589 258 1Ξο
877 222 1221 260 ΗΙδΤΟΒΙΔΒΌΜ
1248 221 1486 260 LUDOVICI
1513 223 1570 260 XI

513 310 675 373 quein
694 310 863 358 insano
885 310 1028 373 vulgo
1048 309 1180 372 quod
1201 326 1313 356 cum
1329 309 1489 358 multis
1511 322 1805 360 armatorum
1824 313 1928 362 mil-

509 386 635 435 libus
671 387 874 435 eisdem¹
906 375 1082 436 auxilio
1120 386 1364 436 adveniret
1379 424 1394 450 ‚
1418 389 1470 452 ‚si
1505 388 1602 436 dux
1634 390 1826 438 Austriae
1839 392 1927 440 'vel

511 464 809 513 Hollandrini
839 464 1011 513 urbem
1045 481 1181 512 suam
1203 465 1454 514 obsidione
1475 466 1720 515 vallarent.
1748 470 1926 517 Verum

509 559 654 608 quam
681 542 848 608 procul
883 559 911 590 a
939 558 1026 590 suo
1049 542 1283 591 desiderio
1314 560 1446 592 vanae
1467 544 1799 609 hujuscemodi
1821 563 1928 612 spes

510 638 593 669 eos
633 621 890 668 deluserint
932 630 1075 686 atque
1111 620 1358 670 fefellerint
1373 660 1385 684 ,
1435 638 1534 669 non
1580 639 1926 688 supervacuum

509 698 650 746 fuerit
686 714 924 746 enarrare.

575 776 671 833 Rex
702 773 897 838 quidem
933 776 1248 838 Francorum,
1286 792 1448 824 mense
1487 777 1753 840 decembri,
1795 794 1925 844 anno

508 862 727 899 currente
754 868 1096 913 mccchxxxu,
1116 869 1284 918 pacem
1308 863 1356 900 et
1374 853 1552 902 foedera
1567 855 1796 920 percussit
1808 852 1926 904 vcum

508 928 708 976 domino
742 930 864 978 duce
900 931 1093 978 Austriae
1131 941 1179 978 et
1215 930 1440 979 omnibus
1477 933 1610 980 terris
1639 942 1688 980 et
1725 931 1925 980 subditis

507 1005 602 1053 suis
619 1009 659 1068 ’3
686 1007 736 1054 in
756 1007 890 1070 cujus
911 1008 1127 1073 capitulis
1151 1007 1238 1055 fuit
1258 1018 1306 1056 et
1332 1019 1403 1056 est
1421 1025 1637 1076 expresse
1660 1008 1925 1058 concorda-

506 1093 633 1145 tum,
656 1083 789 1147 quod
811 1084 941 1132 idem
975 1101 1057 1133 rex
1079 1085 1265 1132 nuHum
1298 1102 1492 1151 prorsus
1519 1086 1748 1134 auxilium
1785 1086 1927 1135 ferret

507 1162 637 1210 dicto
657 1162 884 1227 sacrilego
903 1173 1107 1227 tyranno
1122 1162 1387 1225 Leodiensi,
1401 1180 1557 1228 neque
1570 1163 1683 1212 duci
1699 1164 1920 1226 Clivensi‚

507 1255 662 1303 neque
675 1240 852 1289 civitati
870 1241 1172 1305 Trajectensi‚
1193 1251 1361 1288 contra
1373 1241 1599 1289 eumdem
1623 1241 1799 1289 ducem
1813 1245 1926 1290 Aus-

506 1318 631 1377 triae3
653 1319 935 1383 promittens
967 1320 1111 1367 etiam
1129 1355 1142 1379 ‚
1169 1319 1208 1367 si
1233 1318 1391 1366 eidem
1420 1319 1531 1367 duci
1556 1320 1624 1368 sic
1646 1320 1890 1387 expediret
1907 1357 1920 1381 ‚

507 1406 674 1444 contra
711 1397 936 1444 eumdem
967 1407 1222 1461 tyrannum
1256 1396 1593 1458 Leodiensem,
1625 1397 1800 1447 ducem
1831 1398 1925 1446 Cli-

506 1489 702 1521 vensem
723 1485 770 1522 et
803 1475 1042 1523 civitatem
1072 1475 1440 1538 Trajectensem,
1467 1485 1609 1540 atque
1636 1476 1755 1524 alios
1783 1493 1926 1542 quos·

507 1567 713 1615 cumque
741 1551 902 1600 hostes
929 1568 1042 1600 suos
1071 1553 1244 1600 auxilia
1270 1551 1579 1618 praebiturum
1593 1555 1623 1599 ἰ
1651 1556 1809 1612 Quam
1838 1570 1924 1619 pa-

505 1643 611 1675 cem
653 1629 720 1677 ita
765 1629 937 1676 factam
985 1629 1086 1677 fore
1130 1630 1448 1694 Trajectenses
1485 1630 1680 1679 credere
1721 1632 1923 1679 omnino

559 1794 576 1828 1
588 1821 598 1831 .
628 1793 701 1830 Ms.
723 1798 762 1829 et
779 1790 915 1830 Matth.
933 1784 1070 1840 eidem.

553 1855 594 1894 2.
624 1854 723 1893 C’est
737 1854 773 1892 le
789 1854 947 1893 fameux
968 1853 1078 1893 traite'e
1097 1854 1204 1907 signe
1223 1855 1245 1893 ὲ
1262 1857 1378 1893 Arras
1393 1854 1430 1893 le
1448 1856 1498 1894 23
1515 1854 1733 1895 decembre.

556 1918 594 1956 3.
621 1934 640 1952 ιι
662 1920 735 1957 Sur
753 1929 799 1956 ce
817 1930 893 1969 que
912 1918 968 1956 les
983 1916 1275 1957 ambassadeurs
1294 1917 1342 1956 de
1362 1919 1462 1970 Mgr.
1477 1918 1514 1956 le
1530 1918 1605 1957 duc
1622 1918 1864 1960 d'Austriche
1885 1930 1924 1961 et

502 1978 569 2017 des
586 1981 711 2018 Estats
732 1979 780 2018 de
801 1992 861 2019 ses
882 1993 978 2032 pays
1005 1988 1073 2019 ont
1103 1981 1233 2032 requis
1257 1993 1333 2032 que
1361 1980 1398 2019 le
1420 1980 1551 2032 plaisir
1580 1981 1633 2020 du
1657 1994 1730 2033 roy
1750 1982 1824 2021 soit
1851 1982 1922 2022 de-

500 2042 637 2081 clairer
654 2056 725 2094 par
742 2051 844 2082 ceste
862 2043 969 2095 paix‚
991 2043 1085 2095 qu’il
1102 2055 1153 2082 ne
1164 2044 1244 2082 fera
1261 2057 1312 2082 ne
1323 2043 1501 2082 sousfn'ra
1514 2043 1650 2082 bailler
1667 2057 1738 2096 par
1755 2046 1922 2097 quelque

501 2117 601 2155 voye
629 2104 772 2143 directe
806 2119 858 2144 ou
878 2105 1066 2144 indirecte
1092 2113 1219 2144 aucun
1238 2105 1358 2157 ayde,
1387 2117 1541 2144 secours
1569 2119 1621 2144 ou
1643 2105 1851 2146 assistance
1873 2108 1922 2147 de

500 2181 593 2221 gens
611 2182 663 2207 ou
682 2168 856 2222 d'argent
877 2171 900 2207 31
920 2170 1079 2208 messire
1096 2170 1312 2209 Guillaume
1331 2167 1628 2217 d’Aremberch,
1655 2169 1825 2222 Liegeois
1851 2172 1920 2210 ad-

501 2231 639 2271 herans
658 2234 680 2270 ὲ
703 2233 786 2284 luy,
812 2232 951 2271 faisans
973 2245 1111 2285 guerre
1137 2246 1189 2271 ou
1214 2245 1309 2285 pays
1339 2233 1388 2271 de
1412 2231 1599 2280 Brabant,
1623 2245 1673 2271 ne
1691 2234 1713 2270 h
1737 2234 1850 2272 ceulx
1873 2234 1922 2274 de

500 2296 633 2334 eleves
673 2304 711 2334 et
738 2296 786 2334 de
819 2296 856 2334 la
892 2297 966 2334 cite
1003 2296 1204 2335 d'Utrecht
1227 2296 1367 2335 faisans
1396 2308 1535 2348 guerre
1569 2303 1704 2334 contre
1728 2297 1842 2335 ceulx
1872 2297 1921 2336 de

499 2358 685 2397 Gheldres
705 2366 744 2397 et
762 2358 810 2397 de
829 2357 1040 2406 Hollande3
1055 2367 1093 2398 et
1105 2367 1358 2398 mesmement
1372 2371 1447 2410 que
1459 2370 1529 2396 son
1543 2357 1674 2409 plaisir
1688 2358 1762 2396 soit
1777 2367 1922 2399 mectre

501 2421 590 2460 hors
609 2421 658 2460 de
675 2435 747 2460 son
765 2422 912 2460 service
933 2431 972 2461 et
990 2421 1240 2461 abandonner
1257 2422 1349 2461 ledit
1366 2422 1524 2460 messire
1540 2421 1758 2460 Guillaume
1773 2433 1782 2462 :
1803 2435 1827 2460 a
1841 2423 1920 2461 este

501 2485 693 2536 respondu
706 2516 717 2533 ‚
739 2485 856 2536 qu'en
877 2486 1079 2525 ensuivant
1099 2486 1257 2524 l'article
1277 2485 1466 2524 ci-dessus
1478 2515 1489 2534 ,
1509 2484 1646 2523 faisant
1663 2485 1834 2524 mention
1853 2485 1920 2524 des

498 2547 645 2587 amities
668 2556 707 2586 et
729 2548 907 2588 alliances
922 2578 933 2596 ‚
958 2549 995 2587 le
1019 2562 1106 2600 roy,
1133 2549 1171 2587 la
1194 2548 1286 2601 paix
1310 2548 1437 2594 fauete,
1457 2547 1634 2586 assistera
1657 2556 1696 2586 et
1724 2547 1869 2599 aydera
1896 2550 1919 2586 εὶ

500 2611 647 2650 mondit
665 2611 857 2664 seigneur,
878 2613 900 2650 ὲ
918 2612 1029 2651 ceulx
1050 2612 1098 2651 de
1116 2611 1285 2651 Brabant
1301 2620 1339 2650 et
1357 2612 1499 2650 aultres
1518 2611 1585 2649 des
1603 2624 1699 2663 pays
1718 2611 1826 2649 dudit
1843 2611 1919 2649 duc

498 2683 631 2713 contre
651 2684 736 2713 tous
760 2676 872 2713 ceulx
891 2676 957 2727 qui
982 2676 1067 2714 leur
1089 2676 1299 2714 vouldront
1326 2675 1436 2714 nuire
1459 2692 1495 2715 n.
1522 2679 1606 2715 Art.
1637 2678 1686 2712 77
1717 2674 1769 2712 du
1792 2675 1916 2714 Traite

498 2736 668 2784 d’Arras,
692 2737 786 2776 dans
802 2738 1218 2790 Lenglet-Dufresnoy,
1241 2741 1464 2785 Commz’nes,
1486 2748 1514 2780 t.
1535 2740 1601 2787 IV,
1621 2752 1661 2790 p.
1684 2740 1776 2779 111.
