2060 3392
695 301 842 340 LIBER
877 300 1077 338 PRIMUS.
1520 299 1597 336 313

179 403 338 443 rantes
365 393 438 441 vel
467 408 524 439 ex
553 391 650 438 hoc
677 389 914 438 dictorum
950 399 1225 436 nostrorum
1261 403 1598 451 germanorum

180 470 392 539 pericula
403 470 645 530 minuere,
671 484 782 515 cum
810 484 891 514 rex
912 468 1082 514 merito
1106 477 1288 514 tantam
1306 464 1527 512 saeviendi
1548 465 1597 512 in

182 566 268 598 eos
287 548 612 608 occasionem,
651 546 801 593 nostri
823 561 966 592 causa
982 581 993 602 ‚
1016 545 1216 610 posthac
1245 561 1343 591 non
1367 542 1567 591 haberet
1582 581 1595 605 ,

182 627 266 693 qui
286 626 338 674 in
361 635 508 686 terra,
534 640 680 688 quam
707 622 798 670 sibi
820 622 1044 670 hostilem
1068 632 1327 686 utcumque
1349 621 1425 668 vel
1446 621 1601 668 inimi-

182 711 290 753 cam
321 703 530 768 reputari
551 701 875 760 audieramus,
915 700 1114 748 minime
1138 700 1452 747 voluissemus
1482 715 1600 746 con-

182 783 360 831 sistere.
388 783 566 828 Revera
583 790 699 827 tunc
717 795 807 826 nec
825 777 1066 825 Sabaudia
1088 794 1178 825 nec
1199 778 1364 825 civitas
1382 777 1485 842 ipsa
1505 778 1601 823 Ge·

184 858 440 907 bonnensis
467 857 692 905 adversus
725 873 838 904 eum
863 855 1132 903 inimicitias
1167 855 1288 902 ullas
1323 854 1399 901 vel
1435 853 1604 901 habuit

183 938 278 985 vel⁴
300 935 510 985 ostendit
524 974 538 997 ,
579 935 690 983 licet
739 945 833 983 tres
873 933 1086 1000 praedicti
1132 933 1346 996 germani
1389 932 1605 997 partibus

183 1014 322 1063 ducis
341 1013 759 1078 Burgundionum,
792 1011 1202 1077 quemadmodum
1226 1011 1473 1057 retulimus
1488 1046 1501 1070 ,
1526 1010 1607 1057 ad-

184 1093 440 1141 bam‘ssent.
482 1094 589 1138 Dux
629 1091 757 1138 enim
794 1090 1060 1150 Sabaudiae,
1099 1089 1182 1152 qui
1225 1105 1441 1136 sororem
1486 1088 1608 1151 regis

183 1169 395 1220 habebat
412 1170 463 1217 in
486 1169 780 1233 conjugem',
800 1178 847 1216 et
870 1168 1005 1231 cujus
1021 1182 1296 1231 germanam
1319 1182 1512 1230 quoque
1527 1181 1608 1212 rex

187 1249 323 1296 duxit
346 1249 396 1295 in
419 1250 657 1305 uxorem’,
691 1246 962 1293 inimicitias
985 1244 1140 1292 nullas
1169 1244 1232 1291 ad
1264 1260 1423 1307 regem
1446 1243 1609 1290 obser-

185 1325 355 1386 vabat3
381 1325 465 1373 sed
487 1342 537 1372 se
560 1341 616 1372 ac
637 1334 787 1371 terras
809 1340 918 1371 suas
944 1322 1169 1370 omnibus
1198 1338 1503 1382 communes,
1529 1338 1612 1368 cu-

182 1404 467 1468 juscumque
484 1403 692 1468 partium
714 1412 797 1449 aut
813 1402 1066 1448 nationum
1084 1410 1261 1459 essent,
1288 1416 1345 1447 ac
1367 1398 1544 1447 liberas
1564 1408 1613 1445 et

186 1491 312 1530 tutas
361 1481 728 1546 prudentissime
771 1479 1036 1538 continuit,
1074 1478 1239 1526 alienis
1278 1477 1483 1541 querelis
1518 1477 1611 1523 mi·

187 1560 318 1607 nime
336 1575 385 1607 se
408 1558 653 1623 implicare
676 1556 887 1604 studens.

192 1659 196 1675 1
257 1639 406 1684 Porro
431 1651 544 1682 cum
572 1635 803 1682 Basileam
838 1633 1208 1699 appulissemus,
1235 1642 1290 1679 ut
1312 1649 1393 1679 rex
1421 1632 1482 1679 de
1517 1631 1612 1678 hoc

189 1714 364 1761 certior
393 1712 660 1760 efficeretur
692 1722 740 1759 et
772 1711 835 1759 ad
858 1711 1110 1776 praedictos
1141 1720 1331 1758 nostros
1362 1725 1614 1772 germanos

189 1789 350 1836 minus
391 1803 543 1835 saevus
587 1786 883 1845 redderetur,
931 1785 1269 1833 testimoniales
1305 1785 1483 1831 litteras
1526 1799 1615 1848 per

191 1865 442 1932 proprium
480 1865 757 1912 servitorem
793 1863 857 1911 ad
894 1880 1032 1911 suam
1067 1863 1249 1910 curiam
1276 1862 1493 1909 misimus
1523 1861 1612 1908 sub

184 1943 344 2007 sigillo
367 1942 565 1990 civitatis
586 1941 818 2006 ejusdem,
846 1951 901 1988 ut
921 1942 966 1988 ei
986 1949 1225 1993 constaret
1245 1940 1514 2004 quomodo,
1540 1956 1613 1986 re—

191 2021 304 2069 licta
337 2010 599 2081 Sabaudia‚
638 2019 733 2066 illic
769 2017 1144 2066 consistebamus
1185 2027 1234 2064 et
1268 2034 1362 2082 pro,
1396 2027 1613 2083 tempore

193 2096 518 2155 morabamur,
543 2106 712 2144 contra
730 2113 877 2160 quam
898 2096 1138 2143 civitatem
1162 2095 1343 2142 nullam
1367 2094 1613 2143 adversam

193 2175 513 2240 suspicionem
547 2174 718 2221 merito
748 2172 927 2221 habere
959 2181 1135 2237 posset.
1170 2170 1263 2218 Sed
1295 2169 1428 2234 quod
1457 2186 1514 2218 ea
1539 2187 1614 2217 res

199 2254 357 2319 ipsum
387 2253 463 2299 vel
503 2252 566 2300 ad
597 2268 709 2310 nos,
750 2251 825 2298 vel
853 2250 915 2297 ad
945 2249 1098 2296 dictos
1134 2259 1323 2296 nostros
1363 2264 1615 2312 germanos

194 2330 527 2394 benigniorem
547 2329 779 2388 effecerit,
808 2328 1079 2375 nullatenus
1101 2327 1415 2392 percepimus.

250 2465 292 2503 ¹.
321 2465 448 2514 Voyez
465 2461 670 2510 ci-dessus,
690 2475 732 2514 p.
758 2463 849 2500 31¹.

249 2526 290 2566 2.
314 2524 506 2564 Charlotte
524 2525 573 2564 de
591 2525 742 2565 Savoie.
795 2531 799 2534 ’
