2060 3392
693 313 840 349 LIBER
864 312 1063 350 PRIMUS.
1510 315 1584 351 291

172 409 362 449 nostros
399 399 612 462 labores,
653 401 920 448 ministrare
966 417 1068 449 non
1106 400 1284 465 potius'
1317 416 1507 448 summo
1543 413 1591 449 et

170 488 349 528 aeterno
393 479 506 543 Regi
556 493 703 543 quam
746 479 936 526 mortali
982 478 1186 544 principi
1225 477 1587 543 reputabamus3

173 557 309 622 cujus
323 557 539 622 profecto
564 556 807 604 servitium
821 593 834 618 ‚
859 555 1031 603 talibus
1062 555 1306 603 fraudibus
1326 572 1382 604 ac
1409 557 1593 604 violen-

173 634 249 683 tiis
269 643 532 691 extortum,
559 650 648 681 nec
676 644 890 697 gratum,
915 650 1004 680 nec
1024 632 1295 697 jucundum
1325 634 1425 682 ullo
1450 644 1592 700 pacto

172 712 297 762 effici
316 712 458 761 nobis
484 713 728 778 potuisset.

237 793 297 838 Et
317 806 417 838 non
438 807 498 838 eo
518 790 695 851 minus,
719 803 866 854 quam
886 788 1068 836 sincere
1085 798 1358 852 quantaque
1374 804 1486 835 cum
1499 788 1594 836 fide

172 878 221 917 et
242 868 507 934 integritate
529 867 807 932 hujusmodi
828 867 1201 914 ministraremus
1231 866 1390 914 officio
1405 883 1594 931 ,quan-

173 955 371 1011 tumque
388 946 556 994 incolae
572 955 806 993 terrarum
824 945 1015 992 illarum
1030 954 1243 992 nostram
1263 944 1393 1010 apud
1408 962 1456 992 se
1477 962 1596 1009 prae-

173 1023 375 1072 sentiam
406 1040 568 1072 caram
603 1032 651 1071 et
684 1022 1002 1070 desideratam
1033 1022 1288 1083 haberent,
1314 1023 1442 1087 ipsos
1470 1023 1597 1070 solos

174 1110 308 1149 terrae
328 1101 516 1150 accolas
537 1116 769 1149 vocamus
791 1100 842 1147 in
863 1110 1031 1161 testes3
1058 1116 1087 1148 a
1106 1098 1297 1164 quibus,
1324 1098 1434 1146 licet
1456 1116 1546 1146 nec
1567 1116 1598 1147 a

174 1195 284 1243 rege
314 1179 629 1244 stipendium,
668 1194 757 1225 nec
786 1178 1090 1243 pensionem,
1131 1194 1220 1225 nec
1256 1177 1325 1224 de.
1351 1178 1487 1241 sigilli
1517 1188 1599 1225 aut

174 1256 368 1306 aliunde
387 1255 754 1304 obvenientibus
769 1255 1107 1303 emolumentis
1128 1255 1391 1320 quidquam
1410 1255 1599 1320 penitus

175 1334 521 1400 acciperemus,
549 1349 797 1398 nunquam
818 1343 980 1381 tamen
1001 1333 1076 1381 vel
1099 1332 1168 1380 ab
1190 1349 1291 1380 uno
1319 1333 1481 1397 aliquo
1517 1333 1599 1380 de-

177 1412 366 1460 narium
387 1422 469 1460 aut
492 1412 734 1476 exegimus
756 1420 838 1458 aut
859 1410 1095 1470 oblatum,
1120 1411 1290 1475 gratias
1316 1413 1419 1458 Deo
1432 1446 1445 1471 ,
1470 1426 1600 1457 rece-

176 1489 350 1554 pimus.
369 1489 514 1547 Quod
530 1505 630 1536 non
648 1489 882 1552 jactanter
894 1488 1129 1552 profecto,
1145 1488 1220 1535 vel
1240 1488 1291 1534 in
1305 1504 1394 1534 nos
1404 1497 1602 1553 propter

174 1565 270 1614 hoc
301 1567 503 1630 gloriam
524 1566 686 1613 referri
708 1566 953 1630 cupientes
972 1602 985 1627 ,
1013 1558 1239 1626 dicimus3
1267 1566 1351 1615 sed
1372 1566 1462 1613 soli
1494 1568 1599 1613 Deo'

176 1645 348 1708 gratias
369 1644 639 1706 reddentes,
665 1643 727 1692 de
748 1643 883 1708 cujus
900 1661 1100 1692 munere
1117 1645 1264 1702 venit,
1287 1645 1326 1691 si
1342 1644 1460 1708 quid
1480 1643 1601 1691 boni

176 1732 260 1771 aut
284 1722 494 1770 >velimus
521 1732 602 1770 aut
625 1722 878 1782 faciamus,
916 1713 1104 1769 dicente
1126 1722 1352 1787 Apostolo
1378 1741 1389 1768 :
1421 1742 1444 1764 «
1471 1725 1599 1769 Deus

175 1810 248 1848 est
261 1835 275 1862 ‚
314 1800 397 1864 qui
421 1809 645 1864 operatur
680 1800 730 1846 in
765 1798 906 1846 nobis
937 1809 984 1846 et
1009 1799 1130 1846 velle
1164 1809 1211 1846 et
1246 1799 1474 1864 perficere
1509 1815 1600 1864 pro

177 1877 311 1925 bona
350 1876 623 1933 voluntate;
656 1896 679 1920 »
709 1885 756 1923 et
785 1875 898 1924 alibi
932 1894 942 1923 ε
986 1895 1009 1921 «
1038 1876 1168 1934 Quid
1206 1876 1357 1924 habes
1391 1897 1414 1920 »
1446 1877 1602 1940 inquit

182 1976 205 1999 α
229 1954 363 2019 quod
395 1971 496 2002 non
509 1954 790 2020 accepisti?
825 1954 873 2000 Si
901 1963 1062 2001 autem
1090 1955 1328 2019 accepisti,
1353 1955 1471 2019 quid
1505 1955 1602 2018 glo·

178 2034 327 2092 riaris,
349 2033 484 2098 quasi
505 2048 605 2080 non
625 2031 898 2097 acceperis?
923 2050 946 2075 ι
973 2040 1021 2079 et
1038 2031 1207 2097 plura
1194 2049 1244 2079 in
1266 2031 1601 2096 hujuscemodi

178 2111 480 2174 sententiam.

243 2186 338 2235 Sed
355 2186 456 2233 haec
467 2185 682 2250 quodam
700 2185 849 2234 modo
869 2185 1138 2234 verecunde
1154 2196 1202 2234 et
1222 2186 1351 2234 velut
1364 2186 1602 2251 compulsi

179 2264 241 2312 de
278 2263 420 2312 nobis
459 2263 732 2323 referimus,
779 2264 862 2327 qui
898 2264 1024 2311 hanc
1070 2264 1343 2328 apologiam
1387 2274 1600 2312 nostram

180 2351 346 2390 contra
361 2342 735 2390 obtrectatorum
751 2352 893 2407 atque
915 2342 1197 2390 aemulorum
1210 2343 1472 2391 calumnias
1486 2360 1602 2391 con·

181 2419 456 2481 scribimus,
485 2437 544 2467 ne
567 2420 688 2468 sorte
712 2430 964 2468 causentur
985 2420 1131 2484 aliqui
1155 2430 1351 2486 propter
1379 2421 1599 2486 improbe

182 2507 229 2545 et
252 2497 468 2560 nequiter
488 2514 517 2545 a
538 2496 680 2545 nobis
703 2507 807 2545 acta
831 2498 879 2544 in
904 2498 1040 2544 terris
1061 2498 1152 2545 illis
1173 2507 1356 2546 tantam
1379 2499 1501 2562 regis
1527 2499 1602 2545 in-

183 2573 470 2638 dignationis
498 2575 814 2640 promeruisse
852 2574 1176 2623 acerbitatem.
1203 2576 1440 2624 Audenter
1471 2576 1600 2622 enim

183 2651 430 2699 asserimus
467 2668 556 2716 pro
598 2652 876 2716 hujusmodi
913 2653 1174 2701 ministerio
1210 2653 1397 2702 nullum
1435 2654 1602 2700 incolis

240 2810 257 2845 ¹
269 2836 279 2846 .
308 2806 340 2845 11
358 2806 439 2845 faut
459 2806 600 2846 effacer
620 2821 692 2859 ’ψη
710 2821 762 2846 ou
781 2806 990 2847 substituer
1008 2813 1133 2846 minus
1151 2811 1174 2848 ὲ
1186 2814 1331 2858 potius.
