2060 3392
419 315 495 354 380
989 314 1263 363 Ammon,

482 404 632 454 Aliam
650 406 843 470 insuper
857 403 1254 452 consuetudinem
1277 402 1559 466 observant,
1574 403 1706 469 quod
1728 416 1837 471 post

414 483 546 531 litem
571 491 901 544 contestatam,
938 481 977 529 si
1009 497 1151 547 super
1178 497 1485 546 quocumque
1510 480 1743 529 incidenti.
1761 483 1837 531 vel

413 561 699 625 emergenti,
735 560 918 607 etiamsi
946 559 1064 607 nihil
1099 559 1162 607 ad
1195 559 1469 625 principalis
1504 559 1682 623 negotii
1713 558 1837 608 deci·

413 640 599 696 sionem
618 637 909 703 praejudicet,
932 637 1234 685 interlocutio
1255 636 1430 700 judicis
1448 647 1710 702 expetatur,
1736 637 1837 684 vic-

412 726 488 764 tus
517 732 658 781 super
693 715 775 762 tali
805 715 1069 763 accessorio
1100 713 1274 780 perdit,
1309 714 1614 778 quantumvis
1643 713 1837 762 evidens

407 795 485 859 jus
496 795 551 841 -in
577 793 830 859 principali
848 792 1087 855 hahuerit,
1112 808 1305 841 causam
1327 808 1479 839 suam.
1507 793 1575 838 Ex
1599 807 1698 856 quo
1716 807 1838 856 saepe

411 872 643 935 contingit
654 881 724 933 ut,
748 872 979 935 quoniam
998 872 1158 937 patriae
1172 870 1471 919 consuetudo
1495 886 1594 917 non
1612 870 1840 935 permittit

410 951 601 997 testium
619 948 931 1014 probationes
945 948 1131 996 admitti
1147 949 1197 995 in
1216 964 1314 995 una
1332 963 1491 1009 causa,
1508 947 1599 994 nisi
1614 945 1676 996 ab
1694 946 1840 996 altera

411 1038 545 1094 parte
567 1038 777 1089 tantum,
809 1027 992 1075 etiamsi
1021 1036 1223 1091 utraque
1245 1041 1355 1091 pars
1376 1025 1545 1089 alleget
1566 1024 1689 1072 sacta
1709 1025 1840 1089 posi-

409 1108 506 1155 tiva
523 1117 571 1155 et
593 1106 876 1155 affirmativa
897 1105 1155 1166 contraria,
1180 1113 1228 1151 et
1248 1119 1306 1151 ea
1327 1119 1376 1151 se
1394 1113 1525 1169 petat
1548 1102 1611 1150 ad
1633 1101 1841 1168 proban·

410 1185 528 1232 dum
564 1183 776 1245 admitti,
819 1192 866 1231 et
901 1180 1068 1230 offerat
1100 1198 1185 1248 per
1223 1179 1424 1228 idoneos
1456 1188 1596 1228 testes
1635 1179 1842 1244 legitime

408 1262 740 1328 probaturam,
762 1277 875 1308 cum
896 1260 1243 1324 unusquisque,
1265 1258 1326 1306 de
1344 1258 1440 1306 suis
1461 1254 1710 1305 confidens
1732 1272 1843 1322 pro-

407 1338 702 1400 bationibus,
728 1337 991 1387 contendat
1013 1337 1173 1403 potius
1193 1335 1316 1384 facta
1332 1350 1362 1383 a
1385 1351 1434 1383 se
1457 1334 1674 1399 allegata,
1695 1350 1842 1399 quam

408 1419 682 1479 adversarii,
709 1416 886 1465 debere
906 1415 1054 1480 recipi
1076 1414 1138 1463 ad
1159 1412 1487 1480 probandum,
1511 1422 1560 1460 et
1585 1411 1841 1478 superbae

408 1496 734 1554 contentione,
768 1494 863 1541 utri
894 1493 1053 1557 potius
1085 1492 1377 1555 litigatorum
1397 1489 1622 1555 probatio
1651 1488 1839 1554 adjudi-

409 1574 507 1622 cari
530 1583 578 1621 et
602 1571 795 1620 decerni
817 1569 1007 1629 debeat,
1034 1568 1290 1632 interloqui
1308 1583 1394 1633 per
1409 1566 1623 1630 judicem
1642 1567 1836 1632 petitur,

408 1651 487 1698 ille
521 1666 611 1715 pro
644 1665 743 1714 quo
779 1646 1081 1694 interlocutio
1114 1644 1260 1692 fertur
1299 1643 1433 1710 quod
1467 1644 1628 1709 potius
1653 1642 1840 1691 admitti

410 1727 584 1776 debeat
616 1727 678 1775 ad
712 1724 1020 1791 probandum
1057 1722 1180 1771 facta
1219 1738 1305 1770 sua
1319 1759 1332 1783 ,
1372 1738 1458 1786 per
1497 1721 1592 1769 hoc
1625 1720 1841 1768 obtineat

409 1805 659 1852 victoriam
682 1804 732 1850 in
758 1801 1028 1867 principali,
1052 1800 1195 1848 etiam
1218 1797 1339 1846 nihil
1361 1799 1420 1846 de
1442 1797 1577 1845 factis
1600 1813 1630 1846 a
1654 1814 1704 1845 se
1729 1797 1838 1846 alle·

413 1883 553 1947 gatis,
581 1891 628 1929 et
658 1881 818 1928 forsan
852 1879 1016 1926 dolose
1043 1887 1091 1924 et
1121 1877 1353 1925 malitiose
1379 1874 1532 1940 (quod
1570 1875 1682 1923 satis
1717 1891 1840 1940 saepe

412 1959 516 2007 fieri
542 1958 732 2022 assolet)
767 1955 983 2004 confictis
1013 1964 1061 2003 et
1081 1953 1368 2015 adinventis,
1400 1953 1596 2001 ulterius
1615 1950 1842 2018 probatu-

412 2055 510 2085 rus.
547 2036 716 2098 Quod,
742 2035 913 2101 procul
938 2032 1108 2091 dubio,
1131 2030 1269 2080 valde
1291 2031 1509 2095 iniquum
1533 2039 1580 2078 et
1601 2030 1842 2095 pernicio-

413 2132 520 2162 sum
542 2124 628 2175 est,
656 2112 873 2178 praebens
894 2127 1064 2158 ausum
1088 2119 1134 2156 et
1155 2110 1244 2156 iter
1266 2108 1484 2174 aperiens
1502 2106 1681 2155 dolosis
1697 2116 1744 2154 et
1761 2122 1840 2154 ca-

413 2191 662 2238 lumniosis
681 2189 924 2238 advocatis
946 2186 1285 2235 adinveniendi
1303 2196 1350 2233 et
1370 2184 1679 2248 confingendi
1697 2184 1837 2246 facta,

415 2288 521 2337 quae
552 2271 755 2334 allegent
793 2269 855 2318 ad
884 2267 1219 2334 perimendum
1244 2267 1366 2315 facta
1389 2283 1588 2314 suorum
1619 2264 1838 2313 adversa·

415 2350 597 2396 riorum
630 2358 678 2395 et
710 2347 976 2395 tollendum
1013 2346 1079 2392 eis
1121 2355 1263 2409 atque
1300 2343 1613 2392 auferendum
1649 2341 1840 2407 copiam

416 2426 714 2492 probationis
742 2441 837 2471 suae
861 2425 996 2488 justae
1018 2423 1293 2470 intentionis
1320 2431 1368 2469 et
1391 2421 1624 2469 factorum
1645 2421 1840 2468 veritate

419 2504 663 2562 fultorum‚
702 2502 763 2550 ad
794 2518 898 2566 quae
933 2500 1187 2566 probanda
1217 2500 1413 2549 minime
1447 2516 1533 2564 per
1562 2497 1838 2562 hujusmodi

418 2582 712 2630 calumniosa
733 2590 1005 2628 commenta
1029 2579 1358 2627 admittuntur.
