2060 3392
754 305 902 342 LIBER
926 303 1126 340 SEXTUS.
1585 301 1633 337 '13

687 480 1027 528 CAPITULUM
1059 482 1161 527 XX.

213 618 269 653 ne
291 614 445 667 gnon-dio
464 614 676 662 gravissima
699 611 882 648 seditionis
904 620 1010 658 atque
1035 611 1240 647 calamitatis
1253 639 1262 657 ,
1287 622 1366 658 qun
1390 608 1475 644 inde
1505 609 1638 644 civitati

187 702 195 711 ,
261 670 478 720 ‘trajeetensi
494 669 658 718 provenit
671 683 682 713 ;
699 677 733 703 et
750 667 795 703 de
806 667 976 715 'captione
990 667 1117 716 oppidi
1134 667 1270 714 Leidis,
1290 667 1328 702 in
1345 665 1536 702 Hellandin
1546 692 1557 710 ‚
1574 678 1638 713 per

262 729 398 764 exsules
411 726 648 771 Hoeekenses,
666 734 700 761 et
715 723 873 773 ejusdem
888 724 1157 772 recuperatione
1167 725 1196 762 ¹.

284 835 390 880 Non
411 831 556 880 etiam
575 830 863 878 arbitramur
886 829 1073 876 silentio
1097 828 1482 894 praetereundum
1494 831 1510 853 ²
1530 828 1638 876 tris-

219 919 317 959 tem
367 919 416 957 et
447 908 706 956 infaustum
755 917 979 954 eventum
1019 907 1320 955 tumultuosae
1365 906 1610 954 seditionis
1623 943 1636 967 ‚

213 1004 322 1053 quae
350 1003 407 1034 ea
443 995 719 1051 tempestate
751 985 973 1048 contigit³
1000 985 1050 1031 in
1074 985 1262 1032 civitate
1293 985 1636 1048 Trajectense⁸‚

217 1080 365 1131 quam
388 1073 503 1111 tunc
525 1063 613 1129 ipsi
636 1061 980 1110 incolebamus.

248 1200 250 1202 v
281 1141 537 1207 Eacivitas
565 1149 711 1205 caput
733 1139 849 1187 olim
876 1149 925 1186 et
955 1139 1086 1187 velut
1113 1150 1263 1188 mater
1286 1139 1461 1187 exstitit
1496 1139 1642 1186 totius

216 1208 397 1280 misiae,
421 1229 469 1266 et
493 1218 569 1265 his
591 1216 751 1265 adhuc
769 1216 1082 1282 temporibus,
1103 1218 1153 1264 in
1176 1215 1497 1283 spiritualibus
1517 1233 1642 1282 pon-

217 1295 330 1345 tifex
350 1306 399 1344 et
419 1296 642 1362 princeps
667 1314 690 1339 α
716 1311 798 1342 rex
820 1294 950 1342 idem
979 1295 1236 1342 hominum
1264 1295 1531 1358 Christique
1565 1311 1640 1342 sa-

216 1373 387 1422 cerdos
413 1394 436 1418 n
462 1373 678 1437 ejusdem
706 1373 863 1421 Frisiae
884 1382 1027 1436 atque
1057 1372 1320 1420 Hollandiae
1340 1373 1642 1438 praesulatum

217 1460 374 1512 tenet,
410 1451 563 1499 latum
594 1451 750 1498 etiam
773 1449 959 1498 hahens
991 1451 1243 1515 proprium
1277 1459 1326 1498 et
1351 1450 1643 1516 pequiarem

218 1529 540 1594 principatum
572 1529 831 1594 episcopali
866 1527 1182 1592 conjunctum
1214 1528 1451 1592 dignitati.
1492 1529 1644 1593 Ipsius

216 1605 418 1653 civitatis
440 1605 615 1652 accolae
638 1604 702 1653 ab
721 1605 920 1669 antiquo
944 1616 1298 1653 consueverunt
1319 1606 1439 1653 inter
1460 1621 1510 1652 se
1530 1605 1644 1652 civi·

216 1683 287 1731 les
312 1684 646 1732 contentiones
675 1699 893 1731 exercere
923 1694 972 1731 et
1001 1683 1206 1745 habere,
1230 1683 1642 1748 quemadmodum

216 1761 356 1828 plura
376 1762 501 1809 inter
518 1777 619 1809 sese
641 1762 786 1809 etiam
806 1760 989 1808 habent
1009 1761 1190 1826 oppida
1212 1772 1261 1809 et
1280 1761 1511 1827 oppidani
1534 1762 1645 1808 Hol-

216 1837 388 1886 landiae
407 1842 566 1902 ‘atque
606 1838 871 1886 vicinarum
909 1848 1172 1895 terrarum3
1209 1854 1315 1902 quae
1349 1839 1399 1885 in
1429 1847 1638 1896 tantum,

218 1926 504 1982 procurante
534 1916 730 1963 inimico
767 1915 1047 1976 hominum,
1082 1925 1238 1963 satore
1275 1917 1569 1964 zizaniorum
1597 1927 1644 1964 et

218 1992 591 2053 discordiarum,
615 1994 667 2041 in
691 1995 827 2042 terris
851 1993 942 2041 illis
969 1993 1212 2041 invaluere
1225 2031 1239 2055 ‚
1267 2003 1321 2041 ut
1340 1993 1644 2042 acerbissima

218 2088 370 2136 usque
392 2081 441 2120 et
456 2089 592 2138 paene
615 2070 939 2138 implacabilia
959 2071 1072 2119 odia
1093 2072 1410 2136 processerint
1424 2110 1436 2132 ‚
1463 2071 1643 2120 nedum

217 2149 340 2196 inter
368 2166 418 2197 se
445 2150 738 2215 oppidorum
763 2159 846 2199 aut
868 2150 1011 2197 unius
1033 2149 1200 2214 oppidi
1222 2140 1402 2197 civium
1418 2152 1450 2211 ⁸,
1475 2166 1643 2198 verum

216 2226 359 2275 etiam
397 2228 520 2275 inter
554 2227 694 2274 unius
727 2226 902 2274 domus
936 2236 984 2274 et
1015 2226 1202 2274 familiae
1232 2227 1644 2291 conjunctissimas

217 2322 461 2370 personas.
486 2309 566 2354 Est
577 2307 707 2354 enim
728 2306 824 2353 illic
837 2305 998 2354 videre
1018 2315 1204 2370 patrem
1219 2305 1447 2353 adversus
1463 2305 1615 2353 filium
1627 2344 1640 2367 ‚

273 2436 311 2473 ¹.
339 2434 519 2487 Chapitre
532 2435 711 2487 imprime
730 2435 826 2474 dans
843 2435 1117 2486 l'Amph'ssima
1128 2437 1309 2484 collectio,
1328 2443 1357 2472 t.
1371 2436 1439 2481 IV,
1456 2434 1533 2472 col.
1549 2435 1642 2479 793,

218 2504 257 2534 et
273 2496 369 2536 dans
385 2497 442 2536 les
460 2500 646 2537 Analecta
662 2498 712 2537 de
730 2498 947 2547 Matthaeus,
969 2506 998 2537 t.
1017 2500 1077 2546 11,
1096 2512 1138 2550 p.
1161 2500 1255 2537 145.

273 2561 312 2598 2.
342 2559 558 2608 Matthaeus,
575 2563 953 2611 praetermittendum,
974 2574 1062 2600 sans
1080 2561 1136 2600 ies
1155 2560 1342 2613 epithetes
1362 2565 1504 2598 tristem
1520 2569 1557 2597 et
1581 2564 1646 2596 in-

220 2622 400 2670 faustum.

274 2688 313 2725 3.
343 2687 558 2736 Matthaeus,
584 2688 845 2740 grassabatur.

273 2749 313 2788 4.
343 2750 518 2789 Utrecht.

226 2833 230 2836 -
277 2813 314 2851 5.
345 2812 560 2860 Matthaeus‚
580 2816 688 2852 cives.
