2060 3392
462 306 537 344 328
1025 301 1280 340 APOLOGIA
1291 329 1302 347 ,

459 391 587 457 apud
598 391 834 439 Treverim
852 390 1013 438 litterae
1029 389 1218 454 perlatae
1230 388 1440 449 fuissent,
1459 388 1607 435 risum
1623 388 1701 436 vix
1717 397 1877 437 tenere

461 469 724 533 potuimus,
761 465 893 531 quod
927 466 1072 529 aliqui
1102 475 1201 512 tam
1233 465 1507 529 insipientes
1535 481 1624 512 nos
1650 465 1877 513 aestimare

459 546 724 612 potuissent
738 543 869 608 quod
885 542 974 590 sub
995 543 1076 590 tali
1095 552 1287 607 tamque
1309 542 1458 590 cruda
1478 558 1566 589 nos
1580 542 1877 592 committere

459 623 738 671 deberemus
763 621 1007 682 cautione,
1043 637 1147 685 quae
1184 637 1283 668 non
1317 618 1448 668 aliud
1480 619 1707 668 afferebat
1731 637 1877 686 quam

459 695 621 746 secure
657 715 746 746 nos
777 698 989 764 captivos
1021 697 1239 758 reddere,
1264 707 1322 749 et>
1344 697 1426 745 tali
1455 714 1643 746 carcere
1665 697 1727 746 ad
1757 698 1878 762 regis

460 777 753 824 voluntatem
771 792 860 823 nos
875 785 1055 823 arctare
1072 785 1214 839 atque
1236 775 1458 823 claudere
1472 792 1734 839 possemus.
1755 777 1878 824 Sane

457 872 568 902 cum
591 855 722 912 alias,
748 865 802 903 ut
825 869 970 919 supra
998 855 1317 916 narravimus,
1343 853 1432 902 sub
1454 854 1727 919 plenissima
1749 871 1880 904 secu-

456 933 591 980 ritate
605 970 617 993 ,
662 948 765 997 quae
801 931 1065 996 plenariam
1094 932 1237 979 etiam
1268 932 1614 979 restitutionem
1645 932 1880 980 omnimo·

457 1010 662 1074 damque
677 1009 944 1057 libertatem
960 1009 1278 1074 polliceretur,
1304 1010 1493 1070 reversi,
1516 1009 1634 1057 nihil
1653 1009 1880 1058 observa-

456 1096 559 1134 tum
585 1086 726 1133 nobis
749 1086 876 1147 fidei,
902 1085 986 1134 sed
1011 1085 1255 1133 dumtaxat
1279 1086 1638 1151 proscriptionis
1657 1086 1880 1150 injuriam

458 1183 570 1213 cum
590 1164 786 1212 infinitis
804 1163 997 1227 jacturis
1021 1173 1068 1211 et
1091 1163 1411 1211 incommodis
1430 1164 1768 1226 invenerimus,
1791 1165 1880 1212 mi-

458 1260 567 1290 rum
588 1251 657 1289 est
676 1241 924 1306 quomodo
944 1241 1019 1289 vel
1040 1241 1120 1288 ille
1142 1240 1384 1302 dominus,
1409 1241 1484 1288 vel
1509 1242 1588 1288 alii
1611 1242 1766 1305 quivis
1782 1251 1880 1290 tam

459 1319 862 1367 inconsiderantes
883 1328 1033 1379 erant,
1054 1317 1187 1383 quod
1208 1327 1427 1383 putarent
1441 1318 1568 1366 ultro
1590 1318 1672 1365 tali
1688 1327 1881 1383 tamque

460 1397 653 1461 ancipiti
683 1396 802 1443 velle
832 1412 921 1443 nos
951 1396 1080 1460 ipsos
1110 1411 1298 1443 carcere
1332 1395 1675 1460 praedamna‘re.
1702 1398 1882 1444 Verum

460 1489 522 1520 ne
556 1473 807 1536 quisquam
837 1472 1069 1519 existimet
1089 1473 1246 1536 ipsum
1273 1472 1526 1520 dominum
1561 1474 1806 1521 comitem¹
1830 1474 1880 1522 in

460 1549 791 1614 hujuscemodi
830 1565 918 1614 pro
955 1549 1097 1596 nobis
1134 1550 1499 1612 interventione,
1535 1550 1600 1597 ob
1636 1550 1882 1601 honorarii

463 1627 726 1686 desectum,
753 1628 912 1675 minus
941 1643 1065 1679 curae
1100 1643 1246 1691 quam
1281 1637 1572 1692 reposceret,
1598 1628 1878 1692 suscepisse,

461 1705 835 1770 amplioremque
870 1705 1068 1767 gratiam
1099 1703 1238 1751 fuisse
1272 1715 1625 1770 reportaturum
1655 1721 1683 1753 a
1713 1721 1822 1768 rege
1843 1705 1883 1752 si

462 1782 632 1829 salario
673 1783 770 1829 sive
814 1781 1077 1829 honorario
1112 1781 1289 1828 idoneo
1328 1793 1657 1830 remuneratus
1695 1783 1878 1844 fuisset,

461 1870 587 1906 certe
618 1860 718 1924 ipse
750 1859 953 1924 proinde
985 1859 1046 1907 de
1079 1858 1221 1907 bonis
1251 1861 1423 1909 nostris
1456 1861 1554 1908 duo
1589 1860 1718 1909 mille
1751 1871 1882 1909 scum

463 1938 565 1984 auri
583 1937 774 1996 habuit;
794 1954 883 1985 nec
907 1947 1065 1986 tamen
1086 1938 1384 2003 ampliorem,
1410 1955 1556 2003 quam
1580 1956 1723 2004 supra
1746 1955 1775 1987 a
1797 1945 1884 1986 no·

462 2014 536 2062 bis
555 2015 754 2063 relatum
773 2025 858 2076 est,
883 2016 1080 2078 gratiam
1099 2017 1371 2081 reportavit.

905 2165 1246 2248 CAPITULUlu
1278 2202 1443 2247 XXIII.
1696 2219 1720 2226 r

568 2328 732 2375 Objectio
748 2336 873 2363 contra
890 2328 1132 2363 excusationes
1147 2328 1352 2375 praemissas,
1370 2336 1404 2364 et
1417 2327 1466 2363 ad
1479 2340 1556 2363 eam
1573 2328 1771 2375 responsio.

531 2444 624 2491 Sed
644 2444 835 2508 objiciet
857 2445 998 2492 nobis
1019 2445 1213 2494 fortasse
1233 2446 1468 2511 quispiam
1489 2445 1620 2510 quod
1642 2446 1784 2493 nimis
1803 2462 1884 2511 pa·

466 2521 581 2582 vidi,
606 2522 747 2568 nimis
770 2522 1068 2569 formidolosi
1087 2523 1384 2586 nimiumque
1406 2523 1466 2570 de
1489 2540 1597 2586 rege
1617 2522 1884 2570 diffidentes

466 2598 656 2645 fuimus.
683 2599 817 2645 Multi
841 2600 970 2645 enim
989 2617 1043 2646 ex
1064 2600 1120 2646 iis
1143 2600 1226 2663 qui
1249 2617 1475 2663 germano
1498 2618 1584 2648 suo
1611 2601 1883 2665 caeterisque

464 2675 554 2723 sibi
592 2685 759 2723 contra
791 2693 891 2724 sese
908 2741 918 2747 .
932 2677 1190 2740 conjuratis
1224 2678 1519 2743 principibus
1557 2679 1849 2726 adhaeserant
1865 2714 1877 2738 ,

521 2810 557 2844 1.
588 2805 772 2844 Louis‘de
789 2805 979 2845 Chatillon
998 2807 1138 2858 poi-tait
1157 2806 1193 2844 le
1212 2807 1299 2845 titre
1318 2806 1366 2846 de
1387 2807 1462 2845 sire
1476 2836 1487 2854 ‚
1512 2814 1550 2844 et
1571 2818 1650 2845 non
1670 2806 1719 2844 de
1737 2813 1876 2845 comte.
