2060 3392
481 330 555 368 162
842 326 1184 365 HISTORIARUM
1211 326 1449 363 LUDOVICI
1475 327 1531 363 xl

935 523 1272 571 CAPrrULUM
1316 510 1435 570 vin.

474 670 526 703 De
548 663 695 702 civitatis
712 661 906 704 deditione,
923 669 958 698 et
981 662 1136 698 auctoris
1155 662 1401 708 excusatione;
1430 673 1472 697 ac
1498 659 1544 696 de
1570 660 1673 698 obitu
1695 659 1891 707 Lndoviei,

996 719 1218 755 Francorum
1233 719 1324 767 regis
1341 719 1369 756 ¹.

540 856 827 904 Adventarat
851 863 967 901 tunc
995 870 1052 902 ex
1080 854 1261 902 Austria
1274 890 1288 916 ,
1315 852 1378 902 ad
1411 853 1680 920 principem
1709 869 1739 902 a
1764 863 1897 919 patre

479 952 567 984 suo
581 934 779 998 legatus,
805 949 930 980 unus
948 926 1232 980 venerabilis
1249 931 1486 998 praelatus,
1513 932 1899 998 archiepiscopus

475 1012 807 1077 strigoniensis
830 1011 880 1058 in
912 1027 1059 1075 regno
1089 1011 1349 1075 ‚Hungariae
1379 1020 1426 1058 et
1454 1027 1566 1058 cum
1589 1010 1685 1059 hoc
1717 1011 1768 1057 in
1802 1010 1900 1058 Ale-

475 1093 670 1141 mannia
687 1091 831 1139 etiam
847 1091 1232 1156 archiepiscopus
1249 1088 1599 1153 salsburgensis
1609 1091 1638 1135 ¹.
1656 1089 1767 1149 Qui,
1788 1105 1900 1136 cum

474 1181 642 1235 rogatu
664 1169 930 1234 legatorum
961 1169 1161 1216 civitatis
1182 1169 1313 1234 pacis
1334 1184 1383 1216 se
1406 1168 1664 1233 sponderet
1688 1166 1901 1215 futurum

475 1249 788 1298 mediatorem
804 1285 817 1310 ‚
851 1256 982 1295 certo
1018 1245 1108 1294 sibi
1135 1245 1399 1294 honorario
1431 1245 1744 1311 expromisso,
1769 1244 1900 1311 apud

478 1327 896 1375 clementissimum
919 1335 966 1372 et
984 1324 1379 1388 benignissimum
1399 1324 1669 1390 principem
1692 1341 1794 1372 non
1815 1323 1903 1372 dif-

480 1404 663 1452 ficulter
692 1420 863 1469 pacem
895 1403 1071 1451 civitati
1094 1403 1234 1450 certis
1256 1401 1440 1466 legibus
1464 1402 1737 1467 impetravit·
1760 1412 1904 1468 atque

478 1481 709 1541 obtinuit;
734 1480 823 1528 sub
846 1479 1019 1545 quibus
1040 1480 1184 1541 cives,
1205 1496 1316 1526 cum
1333 1479 1452 1527 nihil
1477 1479 1602 1527 ultra
1622 1479 1902 1535 viriumha·

484 1559 671 1620 herent,
693 1558 775 1606 sed
801 1558 923 1605 same
945 1567 1088 1622 atque
1111 1556 1270 1604 inedia
1290 1556 1525 1620 variisque
1551 1557 1755 1604 confecti
1775 1573 1906 1604 mor-

477 1636 553 1684 bis
574 1637 872 1700 languerent,
900 1628 1193 1683 deditionem
1215 1634 1464 1681 feceru11t³.
1751 1628 1759 1634 ’

545 1715 746 1762 Duravit
767 1723 927 1762 autem
945 1712 1135 1760 obsidio
1151 1712 1401 1778 paullnum
1418 1713 1540 1760 ultra
1557 1712 1680 1760 duos
1697 1729 1900 1774 menses,

482 1803 529 1842 et
565 1793 689 1841 facta
728 1802 798 1840 est
835 1791 982 1856 ipsius
1020 1791 1219 1839 civitatis
1257 1791 1438 1840 deditio
1474 1792 1718 1840 dominica
1751 1793 1906 1857 prima

484 1866 659 1913 mensis
678 1863 976 1932 septembris,
994 1880 1098 1929 quae
1122 1874 1237 1911 tunc
1258 1861 1358 1912 erat
1377 1864 1588 1928 ejusdem
1609 1865 1785 1912 mensis
1806 1864 1906 1913 dies

486 1945 723 2010 septima'·.
751 1946 810 1990 Et
827 1942 1076 2007 quoniam,
1104 1943 1172 1990 uti
1187 1942 1412 2010 diximus,
1437 1942 1651 2008 pontifex
1669 1943 1906 2008 piissimus

487 2022 537 2070 in
573 2021 754 2087 oppido
797 2020 1125 2068 Amersfordiae
1161 2021 1374 2086 captivus
1408 2020 1700 2083 servabatur,
1743 2020 1907 2086 paucis

487 2110 597 2165 post
616 2100 719 2147 haec
737 2096 940 2146 emensis
960 2097 1146 2160 diebus,
1173 2098 1294 2146 facta
1319 2098 1485 2164 oppidi
1504 2098 1747 2146 deditione
1768 2098 1908 2146 certis

487 2176 687 2240 legibus,
713 2177 840 2224 idem
863 2176 1076 2242 pontifex
1106 2175 1318 2240 plenarie
1340 2193 1436 2225 suae
1463 2175 1676 2223 redditus
1697 2191 1754 2223 ac
1774 2175 1907 2223 resti·
1937 2164 1944 2176 ’

547 2339 586 2376 1.
617 2334 796 2388 Chapitre
817 2335 996 2388 imprime
1027 2335 1122 2374 dans
1143 2334 1200 2374 les
1232 2337 1417 2373 Analecta
1447 2332 1496 2373 de
1525 2333 1723 2374 Matthaeus
1753 2343 1791 2374 et
1813 2332 1908 2376 dans

490 2400 766 2451 l'Amplissima
782 2401 965 2440 collectio.

549 2464 589 2500 2.
621 2461 792 2500 Bernard
808 2490 819 2509 ‚
850 2461 1092 2513 archeveque
1119 2460 1168 2500 de
1191 2460 1379 2513 Str-igonie
1407 2467 1446 2499 et
1474 2460 1522 2500 de
1548 2460 1778 2515 Salzbourg,
1809 2460 1909 2502 alors

494 2524 639 2576 resugie
669 2524 808 2575 auprcs
837 2523 885 2562 de
907 2524 1152 2576 l’empereur.
1565 2570 1567 2575 ‚

551 2588 592 2626 3.
620 2588 693 2624 Les
710 2585 860 2624 articles
879 2585 927 2624 de
942 2586 982 2624 la
999 2585 1247 2638 capitulation
1263 2593 1350 2623 sont
1376 2585 1470 2624 dans
1488 2587 1667 2636 Molinet,
1699 2587 1764 2630 ch.
1785 2601 1903 2629 xcvn.

552 2651 591 2687 4.
622 2648 750 2686 L'acte
778 2649 958 2701 rapporte
985 2661 1056 2700 par
1082 2647 1241 2686 Molinet
1264 2656 1322 2686 est
1339 2661 1428 2687 sans
1449 2649 1556 2699 date;
1576 2651 1670 2690 mais
1689 2651 1908 2699 Matthaeus,

497 2711 564 2763 qui
582 2724 630 2750 en
649 2711 751 2749 avait
768 2725 821 2749 vu
838 2710 1041 2763 l'original,
1057 2711 1112 2749 dit
1129 2710 1222 2762 qu'il
1240 2710 1329 2749 etait
1343 2711 1431 2750 date
1444 2712 1496 2751 du
1515 2716 1538 2752 3
1559 2713 1775 2766 septembre
1789 2715 1907 2752 1483.

496 2778 551 2813 La
572 2775 659 2813 date
679 2774 731 2812 du
751 2777 773 2812 7
794 2788 834 2813 se
852 2783 1032 2827 rapporte
1047 2787 1134 2813 sans
1148 2773 1265 2813 doute
1283 2777 1305 2813 a
1323 2775 1481 2814 l'entree
1499 2777 1547 2815 de
1564 2777 1797 2816 Maximilien
1816 2776 1910 2815 dans

495 2837 532 2875 la
555 2836 660 2878 ville.
