2060 3392
422 296 499 332 272
986 292 1231 329 women
1252 319 1262 337 ,

423 382 577 446 ipsum
597 381 848 429 dominum
865 379 925 426 de
948 379 1207 442 Clzaroloys
1230 378 1484 439 adivimus,
1513 395 1658 442 quem
1680 379 1731 426 in
1759 371 1835 426 eit-

421 459 663 524 peditione
683 457 873 505 militari
895 456 1118 504 adversus
1139 455 1334 504 stolidos
1350 466 1397 503 et
1411 455 1686 544 foedifragos
1709 455 1838 504 Ebu·
1868 478 1871 480 ·

421 539 589 584 rones²
593 538 679 597 ‚in
699 535 928 601 oppidulo
947 533 1386 597 Sancti-Trudonis⁸
1409 534 1695 592 invenimus,
1720 545 1836 581 tunc

423 624 641 677 agentem
674 630 785 661 cum
821 613 1001 676 ingenti
1039 629 1283 661 armorum
1318 612 1502 676 fragore
1538 622 1586 660 et
1619 613 1836 678 strepitu.

425 693 512 740 Cui
541 694 652 739 cum
689 690 938 753 legationis
970 700 1141 738 nostrae
1162 706 1326 738 causas
1346 691 1717 755 aperuissemus,
1753 689 1838 738 be·

424 770 624 833 nignum
645 767 841 831 quidem
853 778 901 815 et
914 767 1208 815 humanitate
1226 759 1475 816 conditum
1491 766 1632 815 nobis
1644 784 1838 833 respon-

424 863 530 894 sum
548 846 656 893 fecit
674 882 688 907 ,
713 855 908 911 propter
939 846 1186 911 praesentia
1217 845 1308 893 sibi
1337 845 1701 911 impedimenta,
1732 862 1838 910 quae

424 924 512 988 ipsi
549 939 715 971 coram
757 922 1078 983 intuebamur,
1114 922 1175 971 de
1218 923 1461 972 nonnullis
1495 939 1600 988 quae
1627 923 1836 989 postula-

422 1000 599 1048 bantur
640 1001 993 1049 excusationem
1030 1000 1259 1062 afferens3
1305 1001 1397 1050 alia
1433 1017 1549 1049 vero
1587 1000 1807 1065 quaedam
1820 1037 1834 1062 ,

422 1078 597 1142 quibus
628 1079 708 1127 illa
737 1095 824 1127 sua
854 1095 1058 1144 praesens
1084 1095 1329 1126 armorum
1357 1079 1609 1145 occupatio
1637 1079 1838 1144 impedi·

421 1166 583 1204 mento
606 1156 706 1203 fore
731 1157 927 1204 minime
947 1156 1216 1217 videbatur,
1240 1172 1458 1204 annuens
1491 1167 1539 1205 et
1567 1156 1839 1204 concedens

422 1235 582 1283 animo
606 1245 832 1301 prompto
856 1244 904 1282 et
926 1235 1106 1282 volenti
1122 1236 1153 1280 ³.
1483 1225 1485 1227 ’

422 1348 561 1400 champ
580 1358 618 1387 et
635 1349 773 1389 Cardin
792 1349 859 1388 des
876 1352 1033 1398 Essars,
1051 1357 1104 1389 et
1110 1349 1245 1403 depuis
1262 1363 1334 1403 par
1357 1349 1537 1390 reverent
1557 1349 1650 1402 pere
1673 1362 1722 1388 en
1739 1347 1839 1394 Dieu

421 1410 615 1463 l'evesque
633 1411 680 1450 de
697 1412 895 1453 Lisieuxn
886 1415 1174 1460 »(Documents
1190 1412 1344 1459 inedit5‚
1359 1414 1520 1463 Me‘lang
1499 1426 1573 1461 σεε,
1590 1421 1620 1453 t.
1637 1414 1690 1460 11,
1703 1425 1744 1464 p.
1761 1413 1839 1450 422

422 1483 460 1512 et
485 1477 578 1515 424.
591 1478 603 1523 )
632 1475 664 1513 Il
688 1488 714 1525 y
735 1488 759 1514 a
779 1475 890 1527 plus;
917 1475 972 1514 les
995 1475 1244 1514 instructions
1271 1475 1321 1513 de
1348 1478 1494 1514 Brunet
1520 1475 1569 1513 de
1589 1475 1840 1527 Longchamp

421 1550 519 1575 nous
537 1545 605 1575 ont
625 1538 684 1575 ete
711 1537 952 1576 conservees.
978 1539 1040 1576 On
1056 1550 1084 1589 y
1101 1537 1184 1576 voit
1206 1550 1282 1589 que
1302 1536 1441 1576 Cardin
1460 1537 1527 1576 des
1545 1540 1692 1575 Essarts
1711 1537 1841 1575 l’avait

422 1600 585 1651 precede
608 1601 808 1639 lui-meme
825 1601 965 1653 aupres
982 1600 1035 1639 du
1057 1609 1184 1640 comte
1210 1600 1258 1638 de
1279 1600 1474 1639 Charolais
1495 1603 1565 1648 (D.
1585 1600 1729 1639 Morice
1742 1629 1752 1647 ,
1775 1603 1837 1652 pr.

422 1663 444 1699 ὲ
462 1661 655 1700 l’Histoz're
673 1664 721 1699 de
736 1666 948 1714 Bretagne,
970 1671 999 1706 t.
1018 1664 1076 1701 ΙΙΙ
1091 1693 1102 1711 ,
1124 1676 1165 1714 p.
1187 1664 1264 1701 125
1273 1665 1300 1711 ).
1335 1661 1442 1700 Ainsi
1459 1662 1514 1700 les
1534 1661 1626 1699 trois
1644 1659 1839 1699 ambassa-

422 1724 536 1763 deurs
553 1724 767 1763 arriverent
790 1727 814 1763 a
834 1725 918 1764 leur
935 1725 1163 1764 destination
1193 1724 1274 1764 l'un
1299 1725 1411 1777 apres
1437 1724 1594 1772 l’autre,
1614 1736 1702 1762 sans
1724 1723 1841 1762 doute

422 1801 522 1838 pour
540 1796 710 1839 tromper
726 1788 1032 1828 la'surveillance
1049 1787 1118 1827 des
1135 1788 1287 1840 espions
1305 1787 1354 1825 de
1372 1787 1488 1826 Louis
1505 1789 1575 1827 XI.

477 1851 516 1888 1.
546 1853 619 1888 Les
637 1851 824 1902 Liegeois.

476 1913 517 1952 2.
546 1911 789 1952 Saint-Tron.

477 1977 516 2013 3.
545 1978 618 2013 Les
638 1975 886 2015 instructions
904 1975 1074 2014 dressees
1092 1980 1192 2028 pour
1210 1978 1355 2014 Brunet
1373 1974 1422 2014 de
1437 1973 1687 2028 Longchamp
1710 1981 1841 2012 conte-

422 2037 553 2076 naient
570 2037 660 2089 cinq
675 2038 824 2076 articles
845 2054 854 2075 :
882 2041 923 2077 1⁰
942 2039 1048 2078 Prier
1066 2039 1104 2077 le
1122 2047 1248 2077 comte
1263 2038 1312 2077 de
1330 2038 1526 2078 Charolais
1539 2037 1588 2076 de
1605 2036 1698 2075 faire
1716 2035 1844 2088 parler

424 2114 474 2138 au
495 2100 553 2138 roi
574 2114 622 2138 en
639 2101 773 2139 saveur
794 2101 847 2139 du
865 2100 941 2139 duc
958 2100 1007 2139 de
1028 2100 1283 2148 Normandie3
1304 2102 1346 2138 2⁰
1357 2100 1532 2152 requerir
1550 2113 1621 2138 son
1639 2098 1843 2139 assistance

424 2163 568 2211 armee,
586 2163 680 2202 dans
702 2164 738 2202 le
754 2177 817 2202 cas
838 2165 890 2202 οὺ
907 2163 946 2201 la
964 2163 1199 2202 Normandie
1219 2163 1333 2201 serait
1351 2162 1533 2210 envahie;
1557 2164 1596 2200 3⁰
1608 2161 1663 2199 lui
1681 2160 1843 2200 deman-

424 2223 494 2262 der
515 2224 842 2263 immediatement
860 2225 951 2263 trois
974 2233 1080 2264 cents
1104 2225 1233 2263 lances
1256 2224 1453 2273 sournies3
1481 2226 1523 2263 4⁰
1542 2223 1673 2262 techer
1697 2221 1844 2261 d’avoir

425 2285 473 2323 de
493 2286 563 2336 lui,
589 2289 611 2324 a
633 2287 719 2325 titre
740 2287 789 2325 de
810 2288 917 2339 pret,
942 2300 1019 2325 une
1033 2300 1180 2325 somme
1202 2287 1250 2325 de
1268 2295 1453 2339 quarente
1467 2288 1495 2326 ,ὲ
1513 2285 1719 2336 cinquante
1740 2284 1844 2323 mille

425 2348 537 2396 ecus;
570 2352 611 2387 5⁰
630 2350 732 2387 enfin
753 2350 790 2388 le
811 2349 952 2388 sonder
977 2363 1077 2402 pour
1104 2349 1232 2388 savoir
1253 2349 1312 2387 s'il
1337 2348 1584 2388 consentirait
1605 2360 1655 2386 au
1676 2347 1844 2399 mariage

425 2410 473 2448 de
495 2423 537 2448 sa
557 2411 633 2448 fille
652 2424 746 2450 avec
771 2412 809 2450 le
831 2411 908 2451 duc
927 2412 975 2450 de
1001 2411 1252 2458 Normandie,
1273 2411 1441 2463 mariage
1465 2410 1560 2448 dont
1582 2410 1610 2448 il
1637 2409 1767 2448 devait
1789 2408 1844 2456 lui

425 2474 534 2511 avoir
556 2474 615 2512 ete
635 2473 720 2521 deja
741 2473 797 2512 dit
814 2474 982 2525 quelque
1003 2474 1119 2512 chose
1141 2476 1213 2522 (D.
1234 2473 1376 2511 Moriee
1389 2502 1400 2520 ‚
1425 2473 1452 2511 l.
1479 2476 1548 2522 c.).
1569 2473 1601 2511 Il
1623 2481 1680 2512 est
1699 2471 1843 2511 certain

426 2549 502 2587 que
522 2536 559 2574 le
580 2544 705 2574 comte
727 2536 774 2575 de
800 2536 996 2575 Charolais
1022 2536 1165 2587 deputa
1189 2535 1516 2574 immediatement
1536 2548 1625 2573 vers
1651 2535 1767 2574 Louis
1787 2537 1845 2572 XI

426 2598 492 2637 des
515 2599 683 2649 envoyes
706 2598 801 2637 dont
827 2611 925 2637 nous
955 2611 1075 2637 avons
1101 2597 1157 2636 les
1187 2596 1316 2635 lettres
1343 2596 1391 2634 de
1417 2597 1600 2646 creancet,
1629 2596 1759 2635 datees
1791 2596 1846 2635 du

427 2663 478 2700 15
501 2661 653 2710 janvier
687 2663 817 2711 1466,
854 2669 891 2699 et
922 2661 1019 2699 dans
1051 2673 1117 2700 ces
1143 2660 1274 2699 lettres
1308 2659 1347 2698 le
1380 2668 1506 2698 comte
1533 2660 1617 2712 prie
1650 2660 1688 2699 le
1711 2660 1771 2699 roi
1796 2656 1863 2698 de

429 2738 448 2756 α
468 2723 635 2774 prendre
648 2737 716 2761 son
738 2724 831 2775 petit
852 2712 959 2762 adisis
979 2736 1029 2762 au
1047 2723 1115 2762 sait
1131 2722 1180 2761 de
1197 2725 1296 2774 Mgr.
1318 2722 1367 2760 de
1385 2722 1632 2761 Normandie.
1651 2739 1670 2758 ι
1695 2725 1843 2771 (Docu-

428 2793 549 2823 ments
574 2785 733 2832 inedits‚
757 2788 959 2836 Melanges
974 2815 984 2834 ,
1012 2793 1039 2823 t.
1063 2787 1122 2834 11,
1146 2798 1185 2836 p.
1213 2786 1328 2833 421.)
1356 2783 1455 2822 C'est
1479 2785 1516 2822 la
1539 2797 1626 2823 sans
1653 2784 1769 2823 doute
1799 2797 1843 2822 ce
