2060 3392
401 291 478 328 ¹30
763 287 1105 327 HISTORIARUM
1134 287 1371 326 Lunovlcl
1398 289 1456 325 11

799 546 803 549 '
818 540 1019 592 LIBER
1062 538 1410 591 SEPTIMUS.

744 862 1137 909 CAPITULUM
1183 861 1469 908 PRIMUM.

394 991 446 1024 De
459 988 576 1024 laetitia
593 1001 721 1036 magna
736 988 774 1023 in
796 988 976 1035 utriusque
993 986 1202 1022 obedientiae
1211 987 1367 1035 popufis,
1385 999 1471 1036 pace
1488 987 1580 1023 facta
1595 986 1689 1022 inter
1701 998 1820 1034 regem

442 1055 476 1081 et
489 1045 615 1080 ducem
631 1045 916 1081 Maximilianum
932 1059 941 1086 ;
959 1053 993 1079 et
1008 1043 1192 1091 quomodo
1209 1045 1283 1080 filia
1297 1043 1456 1092 ejusdem
1471 1043 1572 1079 ducis
1587 1043 1635 1078 ad
1648 1055 1821 1092 sponsum

444 1115 549 1138 suum
565 1102 602 1138 in
614 1102 800 1138 Franciam
816 1100 968 1137 deducta
985 1101 1064 1136 fuit.

458 1220 580 1265 Pace
608 1216 767 1280 itaque
795 1216 922 1263 inter
952 1215 1250 1263 Ludovicum
1275 1232 1435 1279 regem
1463 1225 1510 1263 et
1541 1215 1821 1263 Maximilia-

393 1312 511 1343 num
534 1295 730 1359 ejusque
749 1293 928 1341 liberos
942 1330 954 1354 ‚
987 1303 1152 1356 terras,
1181 1294 1399 1341 dominia
1422 1303 1469 1340 et
1492 1292 1710 1347 subditos
1738 1291 1822 1340 fir·

395 1384 545 1434 mata,
583 1390 696 1420 cum
731 1372 845 1419 hinc
874 1371 987 1419 inde
1021 1371 1082 1419 ab
1112 1372 1257 1420 armis
1290 1372 1628 1437 quiesceretur,
1654 1370 1822 1434 ingens

392 1451 551 1499 laetitia
573 1450 866 1516 populorum
891 1450 1136 1514 utriusque
1167 1449 1452 1497 obedientiae
1474 1434 1822 1514 ambarumque

395 1545 421 1575 e
460 1529 656 1592 vestigio
692 1527 900 1593 partium
934 1537 1095 1574 secuta
1130 1536 1215 1574 est.
1256 1529 1376 1574 Nam
1412 1525 1823 1590 quemadmodum

393 1606 561 1672 populi
584 1605 791 1671 partium
824 1604 959 1651 ducis
980 1604 1287 1652 Maximiliani
1307 1603 1392 1651 diu
1413 1603 1504 1650 sub
1527 1603 1669 1650 anxio
1691 1612 1823 1650 metu

394 1683 641 1747 multoque
676 1698 855 1747 pavore
889 1690 1030 1744 atque
1070 1680 1325 1728 formidine
1358 1681 1690 1743 elanguerant,
1727 1679 1823 1727 sue-

396 1771 599 1825 rantque
629 1758 932 1823 vectigalium
962 1768 1009 1806 et
1038 1758 1346 1806 collectarum
1384 1774 1531 1805 onere
1564 1757 1825 1822 plurimum

399 1838 577 1903 gravati
594 1875 606 1899 ‚
634 1835 923 1885 commercia
946 1851 1140 1899 quoque
1180 1852 1285 1899 quae
1312 1836 1363 1883 in
1394 1835 1484 1882 illis
1516 1835 1652 1882 terris
1691 1834 1828 1882 Flan-

399 1916 614 1964 driarum
637 1925 763 1962 terra
791 1913 1005 1978 marique
1034 1913 1094 1960 de
1125 1923 1228 1960 toto
1253 1930 1387 1978 paene
1421 1912 1680 1960 christiano
1706 1911 1824 1960 orbe

401 1994 693 2059 permaxime
735 1992 942 2039 exerceri
979 1991 1135 2039 solent
1148 2029 1160 2053 ,
1196 1991 1418 2039 halecum
1456 1991 1599 2038 etiam
1632 1999 1824 2037 caetero-

403 2088 605 2135 rumque
623 2070 827 2136 piscium
847 2069 1148 2134 piscationes,
1165 2068 1427 2116 lanificium
1439 2078 1700 2132 caeteraque
1718 2067 1828 2114 arti·

405 2149 549 2196 ficum
572 2164 719 2214 opera
733 2146 935 2212 (quibus
956 2164 1014 2194 ex
1036 2146 1178 2194 rebus
1201 2147 1367 2212 populi
1385 2156 1619 2194 terrarum
1636 2145 1824 2192 illarum

405 2226 617 2273 victitare
651 2235 699 2272 et
728 2240 925 2288 magnas
958 2241 1074 2289 opes
1103 2240 1311 2288 quaerere
1339 2222 1717 2287 consueverunt)
1739 2223 1826 2269 irn-

406 2303 589 2350 minuta
632 2302 894 2367 plurimum
935 2311 982 2348 et
1017 2301 1119 2364 jam
1156 2317 1308 2367 prope
1351 2301 1482 2348 nulla
1522 2301 1824 2362 exsisterent,
1888 2285 1894 2292 ’

406 2381 673 2446 priscorum
721 2380 929 2427 felicium
972 2389 1244 2445 temporum
1282 2379 1641 2444 comparatione
1673 2396 1683 2424 ε
1727 2395 1827 2426 non

408 2460 567 2505 minus
587 2458 730 2506 etiam
752 2457 929 2505 subditi
953 2458 1075 2521 regis
1097 2456 1159 2504 ab
1184 2457 1313 2521 ipso,
1336 2456 1425 2504 sub
1449 2464 1676 2521 praetextu
1696 2471 1829 2519 guer-

406 2552 567 2584 rarum
580 2570 593 2596 ‚
633 2535 809 2582 militiae
834 2535 974 2582 simul
1010 2545 1058 2581 et
1087 2533 1374 2581 tributorum
1396 2533 1623 2582 oneribus
1644 2533 1831 2580 fuerant
1891 2564 1893 2567 f

407 2614 584 2661 mirum
612 2613 663 2660 in
693 2612 896 2660 modum
935 2613 1164 2677 oppressi.
1200 2614 1319 2659 Nam
1352 2611 1503 2659 tallias
1529 2621 1577 2659 et
1609 2611 1830 2658 collectas

407 2707 550 2757 super
567 2691 766 2738 miseros
790 2690 1056 2753 regnicolas
1084 2689 1146 2737 ad
1177 2705 1414 2737 summam
1435 2705 1587 2753 usque
1606 2725 1619 2748 ,
1653 2704 1758 2752 quae
1777 2688 1828 2735 in

404 2769 547 2833 triplo
594 2768 842 2816 excederet
885 2783 993 2815 eam
1036 2783 1181 2831 quam
1226 2783 1443 2831 unquam
1486 2783 1599 2814 suus
1643 2765 1828 2830 genitor
