2060 3392
444 318 522 355 240
1015 313 1266 352 APOLOGIA
1279 342 1288 359 ‚

442 414 489 452 et
527 422 626 453 non
663 407 771 453 satis
817 404 1081 452 secundum
1117 403 1362 450 scientiam
1404 401 1773 462 ostenderimus,
1810 410 1864 448 ut

441 482 644 546 proinde
665 483 805 546 culpa
828 481 1060 527 nonnulla
1084 480 1300 537 humano
1333 495 1467 526 more
1493 477 1634 525 nobis
1664 477 1865 542 impingi

441 559 589 623 possit
607 558 740 622 quod
759 558 821 625 ad
839 558 965 605 hanc
983 557 1375 622 peregrinationis
1396 565 1444 603 et
1461 554 1685 603 absentiae
1700 569 1864 601 neces-

441 637 625 684 sitatem
659 635 1015 701 pervenerimus
1031 673 1043 697 ,
1071 635 1308 700 supplices
1329 634 1388 680 de
1419 633 1494 680 his
1513 632 1677 680 erratis
1697 641 1746 680 et
1761 631 1864 680 aliis

441 714 612 760 nostris
641 712 1021 777 quibuscumque
1055 728 1084 759 a
1112 710 1552 759 misericordissimo
1583 719 1630 757 et
1652 701 1865 756 clemen-

440 789 619 835 tissimo
644 791 779 836 Patre
812 789 1002 836 veniam
1033 789 1238 853 petimus
1266 798 1312 834 et
1342 803 1621 853 precamur3
1652 785 1864 850 aliosque

440 883 661 930 rogamus
683 866 745 914 ad
765 883 971 931 quorum
995 866 1154 914 forsan
1179 882 1350 914 manus
1384 865 1572 913 libellus
1591 865 1677 911 iste
1707 863 1866 928 legen·

440 943 529 990 dus
556 941 804 990 occurrere
840 943 1074 1008 potuerit,
1100 953 1154 989 ut
1181 943 1242 990 ad
1262 942 1482 990 eamdem
1505 958 1534 989 a
1559 944 1659 991 Deo
1690 950 1738 988 et
1765 943 1865 988 Do-

440 1020 572 1067 mino
605 1031 769 1068 nostro
801 1023 912 1067 Jesu
947 1020 1134 1067 Christo
1169 1020 1359 1068 veniam
1394 1018 1746 1085 impetrandam
1775 1034 1866 1066 nos

439 1097 529 1161 piis
556 1097 652 1144 suis
677 1096 899 1163 precibus
921 1105 969 1143 et
999 1095 1297 1143 orationibus
1315 1096 1479 1159 juvare
1501 1096 1663 1143 velint.

506 1176 792 1238 Quanquam
821 1174 951 1221 enim
985 1174 1116 1222 nulla
1146 1174 1356 1221 criminis
1389 1173 1678 1221 conscientia
1701 1173 1866 1220 stimu-

439 1251 594 1298 lemur
624 1263 818 1318 propter
841 1252 973 1316 quod
996 1252 1136 1299 talem
1158 1251 1500 1315 indignationis
1531 1250 1740 1298 furorem
1759 1249 1866 1314 jure

440 1331 704 1394 meritoque
748 1330 1034 1378 succendere
1079 1329 1407 1390 debuerimus,
1455 1327 1691 1391 nobisque
1745 1326 1868 1376 nihil

440 1407 619 1453 conscii
640 1407 844 1471 proinde
870 1407 1038 1466 simus,
1060 1423 1159 1453 non
1177 1416 1336 1453 tamen
1357 1393 1755 1470 propterea‘apud
1771 1403 1868 1451 dis-

439 1483 563 1530 tricti
585 1499 783 1530 examen
797 1482 970 1546 judicis
992 1499 1081 1529 nos
1100 1482 1379 1546 justificatos
1399 1482 1499 1530 fore
1515 1482 1862 1547 praesumimus,

440 1578 525 1608 seu
543 1571 819 1624 arroganter
835 1561 1114 1608 innocentes
1136 1571 1183 1608 et
1205 1559 1516 1625 inculpabiles
1538 1561 1588 1606 in
1609 1560 1706 1607 hoc
1727 1559 1867 1607 fuisse

440 1639 515 1686 vel
549 1656 647 1686 esse
683 1639 861 1701 jactare
900 1638 1148 1691 audemus.
1196 1638 1313 1695 Quis
1346 1637 1476 1684 enim
1514 1636 1795 1700 gloriabitur
1817 1652 1867 1683 se

441 1726 621 1764 castum
654 1733 738 1763 cor
763 1715 966 1777 habere,
1000 1725 1082 1763 aut
1111 1716 1217 1778 quis
1246 1723 1402 1779 potest
1433 1714 1591 1761 dicere
1619 1731 1630 1760 t
1658 1713 1868 1760 mundus

440 1810 546 1840 sum
572 1809 601 1840 a
624 1793 857 1858 peccato?
887 1813 910 1835 <c
938 1791 1180 1855 Numquid
1204 1792 1353 1846 homo
1387 1792 1473 1838 Dei
1509 1791 1868 1855 comparatione

435 1870 785 1934 justificabitur,
805 1879 888 1918 aut
910 1869 1086 1917 factore
1108 1885 1195 1916 suo
1214 1869 1381 1934 purior
1402 1869 1491 1915 erit
1507 1868 1607 1915 vir?
1628 1886 1651 1912 υ
1676 1870 1733 1914 Et
1754 1883 1872 1931 que-

442 1947 754 1995 madmodum
777 1948 826 1993 in
849 1946 974 1994 libro
1002 1945 1175 1993 eodem
1199 1945 1290 1992 Job
1319 1945 1519 2008 legimus
1545 1963 1556 1992 :
1583 1964 1606 1989 «
1629 1946 1751 1991 Ecce
1769 1943 1869 2007 oqui

440 2026 651 2072 serviunt
667 2025 732 2082 ei,
757 2023 948 2071 stabiles
969 2040 1068 2070 non
1090 2033 1224 2084 sunt,
1246 2033 1294 2070 et
1315 2024 1365 2070 in
1383 2023 1561 2086 angelis
1580 2022 1677 2069 suis
1695 2021 1869 2086 reperit

441 2103 720 2166 pravitatem
738 2119 748 2146 ε
773 2111 953 2165 quanto
977 2101 1125 2163 magis
1149 2099 1234 2165 [hi]
1254 2100 1337 2163 qui
1358 2099 1578 2147 habitant
1599 2099 1770 2145 domos
1791 2098 1869 2144 lu-

440 2189 555 2240 teas,
579 2180 661 2243 qui
685 2189 926 2225 terrenum
946 2178 1127 2225 habent
1148 2177 1535 2238 fundamentum,
1555 2176 1867 2223 comedentur

442 2257 569 2302 velut
587 2273 615 2302 a
637 2255 786 2303 tinea!
811 2277 833 2299 »
850 2255 1002 2316 Unde,
1019 2255 1129 2301 licet
1151 2254 1279 2301 idem
1296 2254 1571 2313 sanctuslvir
1586 2252 1869 2300 excellenter

441 2335 491 2380 in
514 2336 754 2399 Scriptura
777 2334 1138 2381 commendetur
1156 2333 1288 2397 quod
1311 2333 1450 2380 fuerit
1470 2332 1668 2396 simplex
1691 2342 1737 2379 et
1758 2348 1868 2379 rec-

441 2423 533 2474 tus,
555 2414 725 2460 timens
744 2417 899 2460 Deum
921 2422 967 2458 et
984 2411 1211 2459 recedens
1233 2428 1262 2459 a
1281 2412 1426 2470 malo,
1448 2412 1682 2474 nobisque
1698 2412 1866 2474 singu-

441 2490 538 2537 lare
561 2491 829 2555 exemplum
850 2490 1060 2552 justitiae,
1086 2488 1195 2535 fidei
1219 2505 1274 2536 ac
1292 2489 1527 2552 patientiae
1546 2498 1863 2553 proponatur,

443 2577 618 2626 tamen,
640 2567 699 2614 de
723 2583 807 2613 sua
825 2567 1021 2612 minime
1045 2582 1334 2630 praesumens
1352 2565 1553 2628 justitia,
1574 2565 1690 2612 dicit
1711 2582 1760 2612 se
1785 2582 1865 2612 ve-

443 2646 534 2694 reri
557 2645 720 2692 omnia
737 2661 883 2710 opera
902 2660 1002 2691 sua.
1025 2664 1046 2686 ι(
1070 2646 1126 2690 Et
1141 2643 1178 2689 si
1197 2659 1292 2703 me,
1315 2662 1338 2687 »
1361 2643 1533 2706 inquit,
1563 2663 1586 2686 ε(
1608 2642 1866 2706 justificare

444 2724 663 2783 voluero,
691 2739 745 2769 os
780 2738 942 2769 meum
965 2720 1306 2767 condemnabit
1342 2737 1453 2781 me;
1497 2721 1535 2768 si
1558 2721 1865 2768 innocentem

444 2801 697 2847 ostendero
711 2836 724 2861 ,
764 2816 964 2864 pravum
1001 2815 1078 2845 me
1112 2796 1476 2862 comprobabit;
1521 2807 1569 2847 et
1590 2798 1629 2845 si
1668 2797 1865 2862 simplex
