2060 3392
414 305 492 343 270
980 297 1230 336 APOLOGIA
1244 324 1254 342 ‚

415 392 525 439 dem
546 405 825 454 germanum
847 386 1079 434 violenter
1096 383 1366 450 spoliando.
1395 386 1448 430 ln
1470 396 1568 447 quo
1595 396 1708 430 sane
1725 395 1831 447 per·

414 469 621 517 ficiendo
636 467 820 530 magnis
831 463 1012 512 viribus
1023 471 1106 510 aut
1117 462 1353 510 violentiis
1364 461 1561 509 minime
1576 475 1697 525 opus
1707 467 1826 507 erat.

415 549 533 594 Nam
554 547 678 593 cives
699 545 918 592 locorum
949 551 996 588 et
1017 540 1330 606 provinciales
1349 574 1362 602 ,
1382 539 1442 587 de
1465 538 1557 587 hac
1582 537 1831 603 inopinata

414 633 461 670 et
481 623 608 670 velut
628 620 877 668 subitanea
906 617 1094 666 foederis
1122 627 1320 683 ruptura
1341 631 1596 680 rerumque
1618 629 1832 662 commu-

414 694 590 744 tatione
613 694 817 756 attoniti,
839 692 1014 759 quibus
1033 709 1115 740 rex
1133 691 1354 740 terribilis
1367 701 1416 739 et
1426 706 1599 754 magna
1618 690 1831 736 invectus

414 775 534 822 furia
555 773 757 836 graviter
776 770 1071 831 imminebat,
1100 771 1280 818 nullam
1298 769 1562 825 reluctandi
1582 767 1829 816 audaciam

413 846 723 913 opponebant
738 882 751 904 ‚
778 845 862 893 sed
877 882 891 906 ,
915 845 1149 910 supplices
1172 855 1221 892 et
1243 859 1420 910 pavore
1453 843 1604 891 nimio
1631 841 1824 906 dejecti,

411 928 615 975 cervices
658 925 1016 974 submittebant.
1070 923 1208 972 Unde
1258 941 1408 990 parvo
1453 923 1670 986 negotio,
1717 937 1829 968 cum

413 1005 542 1053 nulla
558 1005 819 1053 resistentia
834 1013 1097 1069 pararetur,
1116 1003 1348 1068 majorem
1364 1003 1509 1050 totius
1527 999 1829 1049 Normanniae

410 1085 679 1149 portionem
716 1100 776 1132 eo
805 1081 953 1131 modo
979 1081 1069 1130 sub
1102 1097 1237 1130 suam
1277 1098 1359 1130 rex
1387 1080 1681 1148 paucissimis
1725 1079 1828 1127 die—

411 1162 503 1211 bus
542 1162 722 1226 redegit
761 1170 1061 1227 potestatem.
1107 1163 1219 1208 Erat
1261 1161 1390 1210 enim
1429 1160 1529 1227 ipse
1573 1155 1671 1206 dux
1713 1160 1830 1206 Nor·

411 1237 613 1285 manniae
635 1236 765 1284 velut
788 1235 933 1283 arbor
955 1251 1121 1283 recens
1140 1234 1352 1300 plantata
1377 1234 1426 1281 in
1446 1243 1572 1280 terra
1592 1246 1701 1293 sua,
1724 1247 1829 1297 quae

411 1314 630 1363 nondum
651 1314 805 1362 missis
822 1314 872 1361 in
895 1314 1045 1360 altum
1063 1311 1304 1364 radicibus
1323 1311 1426 1359 solo
1450 1310 1655 1358 tenuiter
1671 1307 1830 1357 adhue

412 1391 680 1439 cohaerebat
693 1394 723 1452 ¹,
763 1391 940 1456 quippe
967 1391 1046 1438 cui
1079 1406 1167 1438 nec
1196 1390 1403 1456 spatium
1426 1404 1516 1436 nec
1539 1387 1704 1439 dilatio
1725 1401 1831 1452 pei·h

412 1469 552 1516 missa
578 1468 731 1515 fuerat
750 1468 800 1514 in
825 1483 946 1531 qua,
979 1466 1123 1514 rebus
1148 1466 1405 1532 provincias
1432 1464 1683 1522 ordinatis,
1707 1464 1832 1512 vires

412 1544 474 1592 ad
496 1544 809 1592 resistendum
828 1544 1050 1608 colligere
1077 1544 1323 1610 potuisset.
1774 1603 1777 1606 Ι

477 1623 536 1668 Se
559 1621 700 1684 igitur
723 1621 893 1670 videns
917 1622 982 1669 ita
1017 1621 1140 1670 dolis
1155 1658 1168 1683 ,
1211 1619 1393 1671 insidiis
1426 1629 1474 1667 et
1495 1619 1639 1667 armis
1662 1618 1828 1684 inique

412 1716 691 1765 oppressum
706 1736 721 1761 ,
752 1700 1030 1762 auxiliisque
1051 1699 1233 1746 ducum
1262 1697 1513 1745 Britanniae
1534 1706 1581 1744 et
1603 1695 1829 1744 Borbonii

411 1777 708 1838 destitutum,
729 1792 852 1841 quos
868 1775 958 1824 sibi
981 1775 1183 1824 fideliter
1203 1785 1344 1838 atque
1369 1774 1565 1822 firmiter
1584 1773 1830 1821 devinctos

411 1870 466 1901 ac
490 1853 808 1926 adglutinatos
831 1854 932 1901 fore
957 1853 1304 1900 existimaverat
1328 1850 1432 1915 (sed
1461 1850 1623 1898 nescio
1655 1848 1829 1916 quibus

411 1931 608 1979 exilibus
649 1941 696 1979 et
727 1931 926 1979 minime
957 1929 1172 1997 profecto
1210 1927 1542 1997 probabilibus
1567 1927 1830 1982 offensiun-

411 2009 528 2056 culis
556 2008 722 2057 affictis
752 2026 780 2056 a
803 2025 852 2057 se
881 2008 1178 2056 desciverant
1209 2017 1258 2058 et
1286 2005 1350 2055 ad
1373 2007 1493 2071 regis
1529 2005 1828 2058 affectionem

411 2087 758 2151 transiverant),
784 2103 895 2133 cum
919 2084 1102 2138 videret
1124 2093 1293 2132 contra
1311 2083 1589 2148 hujusmodi
1612 2093 1709 2133 tam
1730 2099 1830 2135 ma-

412 2163 599 2211 nifestas
617 2163 864 2211 violentias
885 2173 932 2210 et
955 2163 1091 2211 dolos
1104 2160 1372 2213 humanum
1388 2161 1478 2213 sibi
1499 2161 1684 2216 nullum
1698 2160 1829 2214 aliud

412 2258 651 2307 superesse
684 2241 980 2307 praesidium,
1021 2237 1195 2289 auxilia
1220 2250 1362 2304 atque
1392 2239 1719 2291 subventionis
1749 2255 1828 2289 so-

411 2319 522 2366 latia
550 2319 610 2367 ab
633 2319 952 2369 illustrissimis
973 2318 1284 2385 principibus,
1307 2318 1471 2381 dignae
1487 2316 1828 2369 recordationis

412 2407 459 2443 et
493 2397 731 2446 memoriae
761 2397 1023 2464 Philippo„
1045 2397 1439 2461 Burgundionum
1469 2395 1615 2457 duce,
1648 2404 1696 2442 et
1727 2395 1828 2459 ejus

413 2475 655 2539 unigenito
695 2475 888 2536 Karolo,
928 2485 1043 2522 tunc
1074 2475 1247 2525 comite
1280 2474 1340 2521 de
1375 2473 1636 2536 Charoloys
1651 2509 1664 2534 ,
1698 2489 1827 2527 nunc

411 2568 525 2599 vero
564 2551 786 2615 genitoris
823 2552 895 2598 sui
931 2551 1206 2614 dignissimo
1246 2550 1433 2602 haerede
1469 2561 1610 2614 atque
1645 2567 1829 2605 succes-

413 2644 519 2675 sore
546 2627 785 2692 eJusdem,
818 2627 1024 2692 petenda
1046 2637 1092 2675 et
1108 2628 1393 2693 postulanda
1423 2628 1645 2677 decrevit.
1681 2627 1826 2691 Cujus

469 2734 505 2769 1.
537 2732 642 2769 Cette
668 2730 792 2782 image
811 2739 867 2769 est
888 2730 973 2779 deja
994 2730 1089 2768 dans
1111 2730 1306 2770 l’Histoire
1326 2730 1379 2768 du
1401 2731 1521 2783 regne
1539 2730 1587 2769 de
1608 2731 1724 2769 Louis
1745 2732 1824 2778 XI,

413 2795 435 2831 ὲ
453 2807 596 2845 propos
614 2793 666 2832 du
682 2794 807 2832 meme
825 2792 900 2831 duc
918 2792 967 2831 de
981 2792 1213 2831 Normandie
1226 2822 1237 2841 ,
1257 2801 1285 2831 t.
1307 2795 1345 2831 11
1358 2822 1368 2840 ‚
1388 2805 1429 2844 p.
1453 2794 1543 2832 150.
