2060 3392
655 293 799 331 unt-:R
833 293 1018 332 SEXTUS
1025 321 1033 329 .
1500 296 1551 334 83

147 378 259 428 fidei
281 380 626 429 antea‘creditae
651 380 861 442 fuerant,
889 380 1068 429 amovit
1086 390 1134 428 et
1159 380 1250 428 sibi
1279 385 1544 447 assumpsit.

147 459 185 504 Δ
212 467 315 505 toto
345 467 503 506 autem
522 473 656 524 paene
676 457 858 523 populo
885 457 1103 519 civitatis,
1125 457 1367 522 potissime
1390 467 1549 506 tamen

145 532 209 582 ab
242 533 319 582 his
353 534 437 599 qui
464 550 558 582 suae
589 534 804 582 factionis
825 535 1077 600 participes
1108 534 1184 583 vel
1208 534 1350 583 etiam
1384 545 1549 583 aucto-

145 625 221 658 res
243 611 535 673 exstiterant,
562 610 652 659 sibi
682 611 886 659 multum
915 611 1310 678 applaudebatur,
1341 622 1390 660 et
1417 614 1550 677 quasi

141 688 307 755 pisca
349 705 444 737 suae
476 688 704 738 libertatis
734 691 973 738 restitutor
1014 690 1205 757 publice
1239 691 1552 756 privatimque

144 765 405 825 fontebetun
432 766 706 832 fiebantque
733 783 820 833 per
852 769 1051 816 civitatis
1077 769 1256 834 plateas
1286 769 1552 834 frequentes

141 843 436 910 epulationes
467 861 555 910 per
575 846 719 902 vices,
761 846 964 893 nuncin
999 862 1096 894 una
1118 846 1308 905 vicinia,
1340 863 1470 894 nunc
1502 847 1551 894 in

141 916 250 983 alia,
283 923 349 971 ita
380 933 436 970 ut
465 923 629 971 civitas
660 924 710 970 in
743 923 884 988 hujus
912 925 1133 972 novitatis
1160 925 1364 973 exordiis
1382 926 1555 990 jugiter

141 998 289 1048 ferme
304 999 468 1047 festiva
486 1000 741 1048 videretur.
734 1012 750 1035 ⁸

204 1076 299 1125 Sed
316 1076 532 1143 profecto
557 1094 659 1125 non
680 1078 852 1125 eodem
874 1077 998 1125 fastu
1023 1078 1372 1143 responderunt
1388 1079 1556 1128 ultima

140 1153 334 1220 primis3
356 1154 456 1202 imo
490 1154 687 1219 hujusce
707 1170 842 1203 vanae
861 1155 1184 1202 exsultationis
1220 1164 1430 1204 extrema
1451 1166 1555 1205 tan-

139 1229 254 1279 dem
302 1230 604 1280 calamitosus
650 1248 706 1279 ac
749 1232 1047 1295 gravissimus
1093 1232 1343 1297 occupavit
1380 1232 1551 1280 luctus.

139 1308 236 1366 Qui
281 1325 376 1357 suae
420 1309 706 1357 instaurator
744 1309 943 1356 civitatis
970 1308 1162 1374 publice
1196 1308 1479 1373 jactabatur,
1506 1310 1554 1357 in

140 1393 322 1434 tantam
352 1386 548 1434 demum
568 1387 838 1435 universam
852 1387 1089 1434 civitatem
1117 1402 1175 1434 ac
1195 1395 1295 1434 tam
1313 1385 1553 1434 miserabi-

138 1461 238 1510 lem
254 1464 526 1512 servitutem
548 1465 750 1528 redegit,
788 1474 842 1511 ut
861 1464 981 1511 nihil
1020 1464 1166 1511 ferme
1187 1481 1217 1512 a
1245 1460 1389 1512 servis
1403 1476 1556 1529 poenae

140 1539 339 1589 addictis
375 1542 502 1590 cives
529 1542 847 1606 Traiectenses
883 1541 1074 1589 differre
1111 1542 1411 1603 viderentur,
1447 1560 1555 1591 mo·

139 1634 284 1684 mque
300 1619 627 1684 jumentorum
644 1629 726 1668 aut
746 1636 992 1685 pecorum,
1011 1621 1186 1685 passim
1203 1620 1428 1668 adversus
1451 1637 1551 1682 eos,

56 1714 59 1715 ⁷
139 1710 262 1762 quos
284 1697 463 1744 eisdem
490 1707 739 1763 paraverat
762 1697 941 1759 hostes,
971 1697 1049 1744 die
1083 1708 1325 1762 noctuque
1354 1714 1442 1762 per
1463 1698 1553 1744 im-

139 1771 278 1836 bres,
310 1775 442 1822 nives
473 1790 530 1823 ac
560 1774 732 1838 frigora
770 1775 898 1822 exire
927 1785 975 1822 et
995 1775 1143 1823 vitam
1170 1791 1306 1823 suam
1331 1775 1553 1840 periculis

140 1850 364 1899 omnibus
397 1868 635 1917 exponere
665 1862 962 1916 cogerentur.
979 1856 1097 1900 'Haec
1113 1852 1201 1899 fuit
1218 1852 1426 1914 libertas,
1450 1853 1551 1901 haec

140 1929 382 1994 privilegia
399 1929 765 1994 Trajectensium
808 1931 1022 1978 restituta
1041 1946 1127 1996 per
1162 1929 1420 1978 adventum
1457 1930 1551 1978 do-

140 2005 259 2053 mini
278 2005 340 2053 de
358 2006 646 2054 Montesorti.

205 2082 278 2130 Ad
298 2083 519 2132 miseram
539 2093 697 2131 tamen
722 2099 817 2131 suae
839 2085 1116 2132 calamitatis
1136 2093 1185 2131 et
1219 2084 1365 2131 ruinae
1403 2084 1550 2132 fortu-

139 2177 253 2211 nam
283 2178 439 2211 crassa
470 2161 699 2227 quadam¹
721 2162 1020 2226 ignoratione
1044 2163 1147 2228 ipsa
1181 2163 1547 2226 Trajectensium

139 2241 325 2289 civitate
360 2257 411 2289 se
439 2250 692 2289 excusante
706 2278 719 2303 ‚
753 2240 1071 2290 causabantur
1103 2239 1263 2305 plures
1298 2256 1325 2286 e
1365 2240 1548 2288 civibus

140 2317 451 2383 nonnullique
473 2318 533 2367 de
553 2318 682 2367 clero
703 2318 928 2367 adversus
949 2317 1203 2366 dominum
1235 2327 1282 2365 et
1308 2326 1565 2383 pastorem.

140 2410 304 2454 suum,
340 2395 472 2460 quod
502 2395 711 2459 quadam
753 2396 935 2460 majore
977 2393 1246 2461 imperandi
1286 2393 1549 2442 ambitione

140 2471 304 2534 elatus,
319 2472 440 2521 duce
455 2472 627 2520 Carolo
645 2488 872 2536 germano
898 2489 986 2520 suo
1007 2472 1273 2538 superstite,
1303 2472 1438 2537 cujus
1459 2488 1546 2519 no·

191 2602 231 2639 1.
257 2603 330 2640 Hs.
354 2601 565 2640 «Cr-assam
583 2601 774 2653 quandam
791 2601 1084 2653 ignorationem.
1096 2616 1116 2636 ι
1141 2601 1340 2640 Matthaeus
1358 2614 1381 2640 a
1399 2597 1547 2653 corrige

142 2670 244 2702 toute
272 2663 310 2702 la
337 2663 476 2734 phrase
506 2676 654 2702 comme
677 2663 703 2702 il
733 2663 808 2710 suit
838 2679 846 2702 :
874 2680 895 2699 α
972 2672 1132 2703 ,tamen
1159 2676 1238 2701 suae
1262 2663 1484 2702 calamitatis
1510 2671 1549 2700 et

144 2724 302 2765 «ruinae
325 2726 493 2765 nesciam
515 2738 719 2777 crassaque
744 2693 964 2777 ignorantia
980 2725 1267 2763 excusandam
1257 2738 1379 2776 ipsam
1396 2724 1548 2772 Trajec-

144 2786 342 2844 «tensium
362 2787 566 2826 civitatem.
