2060 3392
491 293 514 331 8
850 290 1187 328 HISTORIARUM
1213 289 1451 327 LUDOVICI
1477 290 1534 327 xl

489 398 600 429 cum
634 380 767 428 omni
783 369 1119 443 superioritatis
1137 375 1243 440 jure
1256 413 1269 438 ,
1289 375 1638 440 exemptionem
1661 376 1893 439 validam,

489 467 586 506 tam
602 473 690 523 pro
725 473 802 516 se,
829 470 973 519 quam
1011 468 1101 518 pro
1139 454 1234 500 suis
1270 451 1537 500 haeredibus
1570 463 1617 501 et
1659 469 1897 502 successo-

488 533 641 595 ribus,
680 549 817 581 suum
849 530 1110 594 genitorem
1147 530 1379 595 quaesiisse
1404 540 1544 595 atque
1583 529 1808 579 habuisse
1829 530 1899 579 di-

487 611 686 669 cebant;
731 608 814 656 sed
858 607 930 654 his
962 606 1159 654 minime
1197 608 1384 654 attentis
1401 644 1413 668 ‚
1459 606 1694 655 desiderio
1739 609 1897 656 conci-

485 688 654 736 liandae
677 686 806 752 pacis
828 694 875 732 et
910 684 1124 732 amicitiae
1166 685 1466 748 acquirendae
1485 695 1533 733 et
1562 686 1896 735 conservandae

485 780 596 811 cum
626 764 754 826 regia
784 761 1024 825 majestate
1038 796 1051 821 ,
1077 761 1263 808 cederet
1285 761 1454 809 eadem
1474 762 1754 827 principissa
1792 779 1896 811 om-

484 831 624 888 nibus
641 838 828 904 juribus
850 854 954 902 quae
976 855 1062 904 per
1082 847 1306 886 tractatus
1327 839 1575 904 praedictos
1597 839 1686 887 sibi
1704 841 1896 904 quaesita

483 917 771 983 praetendere
796 926 972 981 posset,
989 926 1036 964 et
1053 933 1156 980 quae
1174 916 1333 965 adhuc
1356 916 1417 964 de
1431 917 1506 965 his
1525 916 1588 965 ad
1606 917 1683 981 jus
1706 934 1896 966 coronae

481 995 804 1062 pertinuerant
820 1003 866 1041 et
890 994 986 1041 suis
1003 993 1214 1042 habebat
1229 985 1476 1055 manibuS‚⁸
1488 994 1586 1057 regi
1597 994 1897 1043 contraderet

482 1080 623 1133 atque
646 1069 948 1116 restitueret¹.

546 1145 797 1195 Habebant
809 1155 968 1194 autem
978 1155 1024 1193 et
1036 1145 1180 1194 iidem
1190 1155 1417 1206 oratores,
1431 1147 1503 1194 vel
1517 1163 1572 1194 ex
1586 1147 1697 1213 ipsis
1709 1148 1892 1211 aliqui¹,
1958 1213 1962 1218 ἰ

482 1224 543 1272 31)
568 1225 669 1290 ipsa
687 1224 965 1290 principissa
987 1239 1073 1271 sua
1092 1223 1372 1271 mandatum
1390 1224 1574 1272 tradere
1598 1225 1698 1289 regi
1711 1224 1897 1273 Atreba-

483 1312 583 1349 tum
599 1302 837 1349 civitatem
851 1338 864 1361 ,
890 1301 939 1347 in
956 1316 1051 1365 qua
1069 1311 1138 1347 est
1155 1301 1351 1349 ecclesia
1369 1302 1703 1368 episcopalis⁸;
1730 1312 1779 1350 et
1787 1318 1896 1351 eam

482 1380 542 1427 de
566 1380 689 1427 facto
715 1377 1037 1439 tradiderunt,
1067 1378 1156 1426 sub
1178 1395 1261 1444 spe
1281 1379 1414 1443 quod
1431 1396 1512 1427 rex
1526 1414 1540 1436 ‚
1575 1396 1666 1444 pro
1684 1378 1760 1427 his
1791 1396 1896 1445 quae

483 1457 572 1504 sibi
591 1457 751 1504 oblata
773 1456 959 1504 fuerant
978 1456 1101 1520 (quae
1120 1473 1293 1520 magna
1315 1457 1530 1522 profecto
1547 1467 1699 1519 erant,
1717 1467 1764 1504 et
1784 1458 1896 1506 talia

482 1551 581 1582 esse
591 1533 892 1596 videbantur,
903 1533 963 1581 de
977 1534 1150 1598 quibus
1161 1534 1329 1581 merito
1340 1535 1602 1582 contentari
1612 1533 1892 1599 debuisset),

481 1612 610 1677 pacis
657 1611 983 1659 conditionem
1021 1612 1396 1678 amplecteretur.
1438 1611 1531 1659 Sed
1567 1612 1666 1677 ipse
1700 1622 1897 1677 propter

482 1688 746 1737 oblationes
772 1688 863 1736 sibi
887 1689 1048 1745 factas,
1067 1705 1236 1755 pacem
1258 1689 1471 1754 polliceri
1496 1705 1596 1735 non
1617 1689 1895 1750 voluit„nisi

481 1766 846 1832 desponsaretur
873 1767 975 1832 ipsa
1018 1766 1163 1815 filiola
1193 1783 1277 1814 sua
1319 1766 1418 1814 filio
1452 1783 1539 1814 suo
1577 1767 1894 1832 delphino...¹'

537 1946 575 1982 ¹.
603 1944 674 1983 Ces
701 1943 958 1996 propositions
988 1952 1076 1982 sont
1099 1943 1190 1983 bien
1215 1944 1329 1983 celles
1358 1944 1425 1995 qui
1455 1944 1584 1983 furent
1607 1943 1716 1983 faites
1739 1947 1812 1997 par
1839 1945 1895 1984 les

480 2005 640 2058 deputes
664 2006 730 2045 des
754 2000 873 2046 Etats.
901 2009 955 2046 M.
983 2006 1161 2046 Gachard
1181 2020 1231 2046 en
1250 2021 1273 2046 a
1290 2020 1339 2046 eu
1354 2008 1466 2046 l⁷acte
1490 2015 1598 2046 entre
1619 2008 1674 2046 les
1692 2006 1838 2055 mains,
1858 2016 1896 2046 et

478 2069 506 2106 il
523 2069 579 2107 les
597 2069 671 2108 cite
693 2070 788 2108 dans
813 2083 883 2108 son
910 2069 1094 2108 Memoire
1123 2083 1189 2118 sur
1213 2070 1250 2108 18
1268 2069 1467 2122 jugement
1487 2070 1554 2108 des
1579 2070 1770 2108 ministres
1791 2068 1840 2108 de
1857 2069 1894 2107 13

480 2130 679 2171 duchesse.
705 2135 893 2170 Bulletins
910 2134 957 2170 de
975 2132 1210 2170 l’Acade'mie
1227 2135 1357 2181 royale
1373 2134 1422 2170 de
1439 2135 1655 2182 Bruxelles,
1675 2132 1703 2170 l.
1725 2145 1762 2171 c.

531 2205 571 2242 2.
601 2203 690 2242 Ceci
709 2203 789 2242 doit
807 2203 1025 2242 s'entendre
1043 2203 1109 2242 des
1127 2203 1417 2243 ambassadeurs
1433 2203 1482 2242 de
1501 2204 1539 2242 la
1558 2203 1757 2243 duchesse.

533 2275 572 2312 3.
602 2276 658 2312 La
688 2276 763 2312 cite'
785 2274 941 2314 d'Arras
956 2304 967 2323 ‚
988 2275 1159 2327 quartier
1182 2276 1231 2314 de
1253 2277 1291 2315 13
1309 2275 1531 2325 juridiction
1558 2275 1794 2328 episcopale,
1824 2287 1895 2327 par

479 2337 694 2388 opposition
714 2339 736 2375 a
755 2338 792 2376 la
815 2342 902 2375 ville
916 2368 927 2386 ‚
954 2340 1019 2391 qui
1041 2340 1132 2378 etait
1149 2340 1186 2379 le
1210 2339 1397 2378 territoire
1425 2338 1475 2377 de
1491 2339 1529 2378 13
1558 2351 1763 2378 commune
1787 2347 1826 2377 et
1846 2338 1894 2376 de

477 2396 653 2450 l‘abbaye
676 2399 724 2437 de
747 2399 1000 2439 Saint-Vaast.
1026 2405 1079 2440 Le
1099 2402 1157 2440 roi
1175 2416 1202 2453 y
1226 2403 1268 2440 fit
1293 2414 1364 2440 son
1382 2402 1512 2441 eutree
1530 2403 1566 2440 le
1584 2404 1608 2440 4
1626 2414 1750 2448 mars,
1772 2417 1792 2436 ι
1813 2414 1893 2441 non

478 2460 588 2512 point
616 2474 686 2513 par
708 2462 832 2510 force,
853 2463 947 2501 mais
965 2477 1036 2516 par
1053 2463 1132 2503 bon
1154 2465 1280 2503 voloir
1297 2465 1363 2503 des
1388 2459 1579 2503 dessusdis
1608 2464 1657 2502 de
1684 2464 1723 2502 13
1749 2464 1824 2503 cite
1839 2493 1850 2512 ,
1871 2466 1893 2503 ὲ

479 2534 594 2562 cause
619 2536 695 2576 que
722 2524 837 2563 ladite
859 2526 996 2577 plache
1022 2527 1133 2565 estoit
1156 2527 1311 2574 sienne,
1339 2540 1489 2566 comme
1515 2525 1671 2565 cambre
1691 2526 1741 2565 de
1761 2539 1848 2578 roy.
1871 2543 1888 2561 ι

476 2586 636 2624 Journal
653 2585 702 2624 de
717 2586 806 2624 dom
825 2587 972 2627 Gerard
997 2588 1161 2637 Robert‚
1186 2589 1373 2641 religieux
1394 2588 1444 2627 de
1455 2588 1692 2628 Saint-Vaast
1714 2587 1891 2634 d'Arras,

475 2645 607 2698 publi&
626 2660 696 2700 par
713 2648 947 2689 l'Academie
964 2650 1120 2690 d'Arras
1137 2653 1288 2702 (1852),
1306 2665 1347 2704 p.
1372 2653 1411 2692 9.

531 2721 570 2758 4.
599 2723 754 2758 Lacune
781 2720 875 2758 dans
898 2721 935 2760 le
961 2735 1068 2770 sens,
1091 2722 1258 2774 quoique
1277 2722 1313 2760 le
1334 2731 1437 2761 texte
1462 2735 1502 2760 se
1523 2721 1631 2760 suive
1663 2734 1750 2760 sans
1766 2721 1891 2760 inter-

473 2781 628 2831 ruption
648 2781 743 2820 dans
760 2782 796 2820 le
814 2784 1034 2822 manuscrit.
1885 2791 1887 2794 ’
