2060 3392
517 328 593 366 326
1082 325 1334 364 APOLOGIA
1346 354 1356 372 ,

514 431 613 462 non
637 414 1014 481 improbabiliter
1035 412 1317 463 addubitare
1338 414 1447 462 fecit
1468 429 1546 476 ne,
1573 415 1629 476 si,
1659 414 1721 463 de
1741 415 1936 480 quibus·

513 509 720 558 cumque
746 501 791 539 et
814 492 1221 556 qualitercumque
1245 491 1481 539 roboratis
1507 492 1603 538 suis
1625 491 1794 540 confisi
1822 507 1934 560 pro-

513 569 818 618 missionibus
832 607 844 631 ,
878 570 927 616 in
961 579 1108 616 terras
1136 579 1480 617 reverteremur
1503 585 1598 616 suae
1628 569 1857 636 ditionis,¹
1882 581 1935 619 ut

512 656 612 695 non
642 638 848 696 deterius
877 646 1190 712 suspicemur,
1216 663 1355 712 pares
1380 646 1548 695 saltem
1579 648 1629 694 in
1661 648 1816 713 poenis
1842 648 1935 698 illis

512 727 607 773 suis
623 724 870 790 quondam
889 724 1184 772 amicissimis
1202 735 1291 773 nos
1308 724 1498 787 faceret,
1515 724 1692 773 scilicet
1706 725 1935 775 cardinali

510 802 662 850 Balue
699 813 746 850 et
787 801 1072 850 Virdunensi
1115 803 1367 868 episcopo,
1412 818 1534 867 quos
1570 803 1684 850 diris
1725 807 1773 851 et
1805 804 1935 852 tetris

509 880 807 946 mancipatos
836 872 1107 939 carceribus
1131 880 1231 944 jam
1260 880 1408 928 ferme
1437 895 1526 945 per
1549 881 1933 945 quinquennium

510 958 763 1005 asservavit
783 966 926 1022 atque
948 966 1178 1018 asservat3
1206 957 1272 1005 ita
1291 957 1469 1023 quippe
1495 966 1550 1004 ut
1570 957 1621 1004 in
1647 964 1783 1006 tanto
1810 966 1932 1007 tem—

508 1034 638 1098 poris
672 1049 906 1099 procursu
943 1033 1071 1080 viam
1105 1032 1196 1080 sibi
1233 1034 1418 1099 aperire
1454 1034 1642 1098 justitiae
1679 1035 1934 1101 impetrare

509 1111 728 1158 nondum
750 1110 1011 1175 potuerint,
1037 1110 1148 1157 licet
1169 1126 1257 1175 pro
1280 1111 1394 1175 ipsis
1423 1127 1546 1176 saepe
1567 1110 1629 1158 ad
1653 1127 1764 1158 eum
1787 1111 1931 1160 finem

508 1189 682 1235 summi
727 1187 978 1252 pontifices
1005 1197 1052 1235 et
1090 1187 1344 1251 collegium
1384 1187 1698 1237 cardinalium
1739 1203 1934 1252 magnas

509 1267 974 1331 atquestimportunas
1000 1264 1197 1312 fecerint
1218 1265 1507 1323 instantias¹3
1535 1257 1619 1313 sed
1645 1274 1693 1312 et
1711 1276 1802 1313 nec
1823 1265 1935 1314 hao-

507 1353 647 1391 tenus
660 1343 720 1391 de
739 1343 914 1408 quibus
933 1353 1215 1391 accusentur
1230 1343 1530 1403 criminibus,
1552 1359 1636 1391 seu
1653 1359 1744 1408 pro
1759 1343 1934 1408 quibus

507 1420 791 1486 deprehensi
809 1421 1083 1484 detentique
1108 1421 1303 1479 fuerint,
1331 1421 1557 1486 cuiquam
1578 1421 1688 1468 sat-is
1712 1421 1774 1469 ad
1794 1422 1932 1487 liqui-

508 1500 624 1548 dum
659 1511 959 1566 compertum
988 1501 1228 1548 exstiterit.
1267 1504 1386 1548 Cum
1424 1502 1579 1560 enim,
1617 1511 1671 1548 ut
1697 1501 1928 1565 diximus,

506 1579 684 1644 praeFati
706 1581 854 1627 nostri
879 1580 1243 1627 calumniatores
1263 1580 1436 1627 totiens
1458 1579 1759 1645 impleverint
1772 1580 1932 1645 regias

507 1672 644 1704 aures
682 1657 814 1720 quod
857 1658 1074 1704 omnium
1107 1673 1135 1704 a
1178 1656 1316 1704 dictis
1354 1658 1556 1722 praelatis
1590 1658 1931 1706 intentatorum

507 1735 738 1781 scelerum
763 1734 903 1800 (quae,
930 1735 1089 1799 qualia
1111 1735 1221 1796 sint,
1251 1735 1439 1799 penitus
1460 1735 1753 1800 ignoramus)
1771 1740 1933 1784 aucto-

506 1828 580 1858 res
600 1812 966 1877 inventoresque
993 1829 1092 1859 esse
1117 1811 1450 1872 debueramus,
1476 1829 1577 1859 non
1597 1812 1930 1861 irrationabili-

506 1899 593 1950 ter,
622 1899 676 1936 ut
697 1890 1034 1948 existimamus,
1055 1888 1329 1937 horrescere
1354 1898 1400 1935 et
1422 1889 1679 1937 formidare
1701 1889 1931 1938 dehemus

507 1966 556 2011 in
579 1967 695 2013 tales
715 1967 926 2014 incidere
947 1979 1140 2028 manus‚·
1154 1966 1240 2014 ubi
1258 1966 1350 2014 nec
1365 1967 1571 2031 legitime
1592 1970 1814 2031 accusati,
1840 1982 1930 2017 nec

501 2044 619 2106 juris
641 2044 810 2091 ordine
830 2044 1036 2092 convicti
1056 2046 1131 2092 vel
1149 2044 1369 2106 confessi,
1394 2045 1626 2111 supplicia
1648 2058 1925 2111 poenasque,

506 2123 811 2185 quantumvis
847 2122 1059 2169 insontes
1092 2131 1234 2186 atque
1269 2123 1476 2181 innoxii,
1514 2122 1846 2186 penderemus
1879 2125 1927 2172 si

506 2199 612 2262 quis
645 2199 775 2246 enim
807 2208 960 2246 metus
995 2214 1094 2246 esse
1127 2209 1306 2264 potest,
1343 2200 1425 2263 qui
1450 2199 1620 2247 cadere
1647 2200 1819 2249 debeat
1851 2203 1926 2249 vel

505 2277 652 2339 possit
675 2278 724 2323 in
749 2277 904 2324 virum
936 2287 1256 2338 constantem,
1288 2278 1431 2325 talem
1460 2278 1609 2336 hunc,
1635 2278 1718 2341 qui
1740 2295 1829 2327 nos
1860 2287 1928 2327 te·

505 2353 617 2400 nuit
638 2363 779 2417 atque
807 2354 975 2412 habet,
1000 2354 1214 2419 profecto
1237 2355 1345 2419 jure
1375 2355 1559 2419 optimo
1584 2356 1766 2402 censeri
1785 2356 1919 2415 licen

504 2431 748 2493 potissime
776 2448 887 2478 cum
909 2432 971 2478 ad
1001 2449 1112 2479 eum
1137 2431 1474 2497 depellendum
1506 2446 1822 2497 securumque
1845 2434 1925 2481 ali-

503 2508 647 2570 quem
669 2507 895 2555 adversus
919 2522 1030 2556 eum
1051 2509 1348 2557 reddendum
1369 2510 1543 2557 nullius
1566 2511 1924 2576 qualiscumqffle

505 2584 737 2631 cautionis
756 2585 1019 2633 remedium
1043 2587 1208 2635 efficax
1227 2588 1336 2635 satis
1357 2598 1438 2635 aut
1459 2587 1670 2636 validum
1691 2604 1791 2636 esse
1811 2595 1922 2654 pos-

503 2662 578 2709 sit.
607 2661 699 2710 Ubi
735 2664 864 2710 enim
888 2680 977 2728 pro
1004 2664 1183 2728 Justitia
1216 2666 1317 2713 sola
1345 2666 1548 2731 imperat
1566 2667 1804 2727 voluntas,
1836 2666 1922 2714 ubi

556 2818 595 2855 1.
626 2819 724 2868 Voy.
745 2816 951 2865 (τί-(1655115,
975 2832 1014 2869 p.
1038 2820 1130 2857 174.
