2060 3392
706 242 853 279 LIBER
880 242 1079 280 mimus.
1524 244 1602 281 29⁶

190 346 298 389 rum
332 329 643 378 dominorum
677 328 878 376 vinculis
917 328 1226 377 innectuntur
1240 367 1253 390 ,
1290 345 1401 377 cum
1443 346 1604 378 revera

188 406 321 460 nulla
338 415 461 457 esset
481 405 652 470 gratia,
676 405 761 455 sed
788 406 946 454 verius
979 405 1042 454 ab
1074 407 1248 471 injuria
1265 445 1278 468 ‚
1316 418 1364 455 et
1384 408 1607 472 equidem

189 483 496 550 gravissima,
522 500 582 533 ex
611 493 747 550 parte
781 484 998 531 cessatio.
1032 487 1152 531 Nam
1181 485 1316 548 juxta
1348 501 1405 533 ea
1438 501 1543 550 quae
1580 502 1609 533 a

189 560 332 617 nohis
351 575 496 626 supra
515 559 656 613 latius
686 560 918 611 recensita
946 569 1074 619 sunt,
1106 561 1287 609 nullam
1318 578 1528 648 unquam
1557 563 1607 609 in

188 655 302 701 eum
333 637 652 695 offensionem
678 636 1021 687 rationabiliter
1047 637 1143 685 dici
1163 655 1416 703 possumus
1438 639 1612 702 injuria

190 716 450 767 admisisse.
471 717 567 774 Qui
588 717 627 763 si
645 717 746 780 ejus
767 732 995 781 germano
1010 731 1319 781 parueramus
1340 727 1423 764 aut
1443 718 1615 766 servie-

189 811 381 855 ramus,
402 804 661 861 postquam
681 794 838 848 eidem
860 793 1088 841 ducatum
1120 803 1168 841 et
1203 794 1460 860 imperium
1495 798 1614 843 Nor«-

189 873 395 930 mauniae
435 871 717 934 tradiderat,
754 871 1074 936 omnibusque
1102 871 1304 936 praelatis
1321 909 1334 933 ,
1368 871 1614 920 nobilibus

189 961 237 1008 et
258 951 436 1010 &ueteris
461 950 720 1015 provinciae
737 950 929 1010 accolis,
956 959 1012 998 ut
1034 948 1192 997 eidem
1216 960 1439 1014 parerent
1461 960 1509 998 et
1525 950 1615 998 ho-

189 1028 330 1086 minii
340 1038 483 1092 atque
496 1026 735 1077 fidelitatis
747 1027 1019 1091 juramenta
1029 1036 1324 1092 praestarent,
1342 1027 1616 1092 patentibus

188 1107 287 1156 suis
314 1106 481 1155 litteris
506 1106 782 1158 solemniter
816 1122 904 1171 per
941 1115 1094 1154 totam
1124 1106 1423 1170 provinciam
1457 1106 1617 1171 publi-

189 1185 307 1241 catis
331 1184 665 1244 mandaverat,
697 1184 892 1232 eosdem
916 1183 979 1232 ab
1008 1183 1084 1232 his
1105 1200 1211 1248 quae
1247 1183 1337 1231 sibi
1370 1183 1613 1232 debebant

190 1273 274 1308 seu
309 1258 619 1322 praestiterant
653 1256 950 1305 absolvendo
965 1295 978 1318 ,
1013 1256 1134 1304 nihil
1164 1255 1368 1322 proinde
1403 1257 1615 1305 criminis

191 1334 434 1389 admisisse
451 1373 466 1396 ,
506 1335 692 1386 nullum
716 1335 870 1383 scelus
896 1345 1189 1400 perpetrasse
1218 1334 1324 1397 jure
1347 1336 1616 1399 meritoque

190 1413 373 1462 censeri
394 1412 669 1461 debuimus.
695 1413 832 1478 Atqui
854 1412 1072 1478 profecto
1095 1427 1261 1459 recens
1293 1427 1395 1459 non
1426 1421 1496 1460 est
1530 1422 1611 1473 ut,

190 1489 602 1555 quemadmodum

327 1610 487 1670 Saepius
506 1609 693 1653 oderunt
712 1624 833 1671 reges
852 1609 966 1653 dicta
986 1626 1082 1669 quae
1102 1609 1187 1653 dici
1200 1610 1372 1667 jubent,

190 1741 294 1774 non
329 1725 475 1777 etiam
512 1724 801 1775 dissimiliter
839 1722 1031 1772 oderint
1067 1733 1211 1788 atque
1251 1724 1458 1789 puniant
1495 1723 1617 1772 facta

192 1819 298 1868 quae
317 1801 421 1851 fieri
437 1803 695 1866 jusserunt.

257 1880 350 1928 Sed
369 1890 418 1930 et
439 1889 541 1928 esto
564 1878 697 1944 quod
717 1879 794 1927 vel
813 1896 872 1927 ex
888 1878 1167 1944 hujusmodi
1183 1877 1460 1926 obedientia
1475 1888 1618 1942 atque

192 1958 384 2016 servitio
420 1957 552 2005 fratri
584 1973 673 2006 suo
704 1956 926 2007 exhibitis
939 1994 952 2018 ,
992 1966 1076 2004 aut
1101 1957 1203 2005 aliis
1235 1955 1618 2022 quibuscumque

191 2036 362 2096 causis,
391 2035 442 2083 in
479 2052 593 2083 eum
628 2035 830 2083 crimina
866 2034 1233 2099 qualiacumque
1267 2033 1620 2084 admisissemus

192 2113 285 2165 sub
306 2113 560 2162 occasione
578 2112 655 2160 vel
672 2122 899 2178 praetextu
914 2112 1126 2161 civilium
1145 2112 1497 2160 dissensionum
1514 2128 1619 2176 quae

193 2190 377 2240 obortae
397 2191 586 2240 fuerant
604 2191 728 2239 inter
755 2191 915 2255 ipsum
943 2199 992 2238 et
1017 2206 1156 2241 suum
1183 2205 1464 2253 germanum
1486 2199 1620 2237 caete-

194 2284 368 2332 rosque
389 2267 628 2334 principes
646 2267 689 2314 ei
706 2266 1000 2320 adhaerentes
1022 2276 1166 2333 atque
1191 2266 1446 2316 foederatos
1465 2276 1622 2317 :certe

197 2355 306 2410 post
335 2346 508 2392 totiens
533 2345 678 2392 factas
707 2353 754 2391 et
788 2344 938 2391 editas
974 2344 1215 2407 generales
1254 2345 1507 2391 amnestias
1540 2361 1619 2390 seu

198 2420 481 2469 abolitiones
502 2432 550 2468 et
572 2438 658 2487 per
679 2430 835 2468 totum
856 2436 1057 2483 regnum
1077 2421 1251 2468 totiens
1271 2419 1556 2467 tubicinatas
1578 2430 1624 2467 et

201 2499 537 2563 praeconizatas
565 2500 625 2558 *in
658 2499 758 2546 vim
792 2508 840 2545 et
875 2497 1024 2544 robur
1061 2498 1289 2561 regalium
1327 2497 1620 2557 edictorum,

201 2590 307 2637 quae
330 2584 430 2622 tam
452 2576 716 2638 generales,
752 2585 850 2623 tam
884 2574 1106 2639 plenariae
1127 2611 1139 2634 ‚
1178 2585 1277 2622 tam
1311 2582 1539 2639 expressae
1579 2582 1626 2620 et

203 2650 429 2698 absolutae
461 2662 618 2713 erant,
655 2653 694 2699 si
714 2652 830 2715 quid
861 2652 910 2698 in
933 2667 993 2698 eo
1014 2652 1248 2713 veritatis,
1275 2652 1314 2699 si
1340 2650 1458 2715 quid
1490 2649 1623 2709 fidei,

203 2727 241 2773 si
266 2725 382 2790 quid
414 2726 614 2791 pudoris
637 2737 738 2774 erat
770 2728 843 2773 vel
875 2728 1210 2787 humanitatis,
1236 2728 1369 2773 nullo
1392 2724 1542 2771 modo
1565 2724 1627 2771 ab
