2060 3392
425 310 503 347 282
996 304 1247 344 ApoLOGIA
1263 331 1274 350 ‚

425 398 672 446 transitum
700 396 957 444 faceremus
972 432 985 456 ‚
1012 396 1087 442 vix
1109 394 1377 442 interventu
1394 392 1659 440 amicorum
1683 394 1837 459 impe-

425 486 548 523 trare
569 475 811 540 potuimus
832 483 886 520 ut
908 471 1237 535 Rothomago,
1263 469 1347 517 ubi
1372 470 1482 517 satis
1499 470 1735 534 egregiam
1752 470 1840 520 do·

424 569 576 610 mum,
594 552 692 598 imo
706 549 878 597 domos
893 549 1052 614 plures
1063 547 1362 596 habebamus
1373 548 1403 606 ¹,
1423 547 1672 594 transitum
1686 547 1840 597 facere

424 630 598 676 liceret.
626 628 720 686 Qui
749 637 798 674 et
826 643 882 675 ea
906 627 1009 691 lege
1045 626 1186 674 nobis
1218 625 1473 692 permissus
1505 624 1593 672 fuit
1615 635 1696 688 ut,
1738 636 1841 675 tan·

425 723 569 771 quam
583 694 790 763 noctua,
817 719 968 770 prope
997 704 1251 751 obscuram
1282 711 1475 749 noctem
1500 702 1738 750 civitatem
1764 704 1840 751 in·

425 784 744 847 grederemur,
773 792 820 829 et
838 783 1043 830 crastino
1065 797 1197 846 aeque
1219 781 1270 828 in
1292 795 1462 827 aurora
1485 780 1720 829 exiremus
1737 819 1751 844 ‚
1776 781 1840 830 ad

424 878 582 924 regem
607 871 737 908 recto
766 861 884 908 calle
912 861 1186 926 perrecturi.
1223 858 1367 917 Quod
1394 868 1442 905 et
1477 857 1673 906 fecimus
1707 878 1719 907 ε
1746 861 1842 909 ’iter

423 939 552 985 enim
568 938 824 985 Aurelianis
843 954 994 1002 usque
1011 936 1416 997 continuavimus»,
1436 935 1520 982 ubi
1535 952 1616 983 rex
1630 953 1742 984 cum
1753 950 1842 985 suo

424 1017 623 1064 consilio
641 1026 688 1064 et
707 1018 936 1064 comitatu
958 1026 1073 1064 tunc
1096 1015 1280 1079 agebat.

916 1238 1254 1284 CAPITULUM
1286 1239 1345 1284 X.

491 1378 544 1412 De
562 1375 716 1412 adventu
733 1383 855 1411 nostro
870 1374 917 1410 ad
933 1387 1050 1422 regem
1063 1362 1276 1417 Aurelianis,
1297 1382 1331 1409 et
1344 1373 1415 1409 fide
1431 1374 1658 1410 securitatum
1676 1381 1779 1420 atque

926 1430 1163 1466 abolitionum
1179 1442 1336 1468 suarum.
1588 1436 1592 1439 '

491 1561 646 1617 Quem
668 1576 779 1606 cum
795 1552 798 1555 “
813 1558 1120 1607 adivissemus
1138 1595 1150 1619 ‚
1189 1569 1330 1622 atque
1355 1575 1467 1606 eum
1498 1558 1677 1622 alloqui
1699 1574 1846 1606 cona-

426 1651 603 1692 remur,
630 1635 778 1683 torvis
799 1652 890 1682 nos
911 1635 1166 1699 inspiciens
1189 1636 1360 1696 oculis,
1387 1635 1531 1682 unico
1551 1635 1845 1682 salutationis

425 1723 726 1760 transeunter
745 1713 895 1762 verbo
913 1701 1117 1776 jactam,
1145 1712 1336 1759 alterius
1358 1712 1573 1776 largioris
1594 1712 1846 1760 audientiae

428 1791 627 1838 minime
648 1791 839 1856 copiam
859 1790 982 1838 fecit.

492 1870 603 1915 Erat
629 1877 732 1914 tum
749 1868 883 1931 juxta
903 1883 1032 1927 eum,
1057 1867 1180 1913 inter
1203 1866 1384 1931 priores
1405 1867 1566 1932 palatii
1587 1867 1717 1915 velut
1730 1882 1847 1933 prae·

427 1946 567 2010 cipua
594 1945 656 1991 ad
685 1961 845 2008 regem
881 1943 1221 2005 familiaritate,
1247 1944 1454 1991 amicitia
1484 1955 1626 2008 atque
1647 1945 1849 1992 auctori·

426 2033 520 2071 tate
567 2023 850 2088 praepollens
897 2032 944 2070 et
987 2022 1253 2069 honoratus
1268 2058 1281 2083 ,
1334 2023 1556 2086 magister
1605 2023 1847 2070 Johannes

428 2102 603 2163 Balzce,
633 2118 777 2165 quem
808 2101 908 2165 ipse
938 2101 1081 2166 paulo
1106 2110 1216 2147 ante
1241 2100 1304 2148 ad
1326 2101 1651 2166 episcopatum
1683 2100 1847 2147 Ebroi-

429 2196 617 2227 oensem
642 2178 842 2244 provehi
865 2178 1050 2238 fecerat,
1082 2188 1145 2237 et,
1179 2178 1398 2225 nondum
1421 2177 1608 2225 duobus
1637 2187 1746 2242 post
1766 2176 1847 2224 de-

428 2258 575 2304 cursis
597 2256 752 2316 annis,
782 2255 844 2304 ad
869 2256 1116 2303 ecclesiam
1151 2255 1534 2319 Andegavensem
1556 2265 1604 2303 et
1627 2254 1844 2302 cardina-

480 2436 499 2472 1
512 2464 520 2472 .
547 2433 579 2470 ll
597 2433 678 2471 faut
696 2432 879 2471 entendre
897 2445 968 2483 par
986 2431 1022 2469 la
1040 2430 1353 2470 non-seulement
1372 2430 1504 2468 l'hotel
1524 2429 1591 2468 des
1610 2430 1777 2481 eveques
1796 2429 1847 2469 de

427 2495 583 2535 Lisieux
603 2495 722 2543 (situe
741 2493 808 2532 des
826 2494 904 2532 lors
925 2495 977 2532 οὺ
997 2494 1025 2531 il
1047 2502 1103 2532 est
1121 2506 1260 2532 encore
1273 2491 1534 2541 aujourd'hui‚
1555 2504 1625 2530 rue
1648 2491 1697 2531 de
1715 2492 1754 2530 la
1769 2494 1845 2532 Sa-

428 2558 634 2606 vonnerie)
647 2589 657 2607 ,
681 2557 775 2595 mais
799 2570 939 2596 encore
958 2557 1025 2594 des
1047 2556 1213 2594 maisons
1232 2555 1298 2606 qui
1325 2555 1615 2607 appartenaient
1632 2568 1682 2594 en
1699 2566 1845 2607 propre

429 2622 450 2658 ὲ
471 2619 635 2658 Thomas
661 2619 790 2656 Basin.
825 2619 987 2670 D’apres
1017 2630 1093 2656 une
1117 2616 1326 2655 indication
1357 2617 1610 2668 incomplete‚
1639 2617 1861 2669 consigneef

430 2682 524 2720 dans
534 2682 569 2720 le
582 2681 725 2720 recueil
741 2680 789 2718 de
805 2682 833 2719 F
835 2679 1030 2726 ontanieu‚
1048 2691 1126 2717 aux
1138 2691 1215 2717 mss
1232 2677 1280 2715 de
1297 2678 1334 2716 la
1349 2678 1446 2716 Bibl.
1466 2679 1559 2730 imp.
1570 2708 1581 2726 ,
1596 2678 1753 2716 Charles
1770 2678 1845 2718 VII

429 2744 484 2783 lui
510 2757 558 2782 en
585 2743 711 2782 aurait
729 2742 856 2781 donne
877 2755 955 2781 une
974 2755 1022 2780 en
1047 2742 1170 2790 1449,
1194 2742 1306 2792 apres
1334 2741 1493 2780 l’entree
1520 2741 1588 2779 des
1614 2740 1796 2791 Francais
1820 2741 1842 2778 a

428 2808 579 2845 Rouen.
