2060 3392
686 308 834 344 mm
861 307 1113 345 septimus.
1479 305 1482 310 ’
1528 311 1546 347 ¹
1555 311 1599 348 ³¹

130 450 138 458 ,
187 396 446 445 mximam
487 412 576 444 suo
607 406 823 460 tempore
857 396 1083 458 exegisset
1097 432 1111 456 ‚
1153 396 1254 461 ipse
1290 396 1520 461 imposuit
1561 407 1610 446 et

185 474 333 522 levari
357 474 490 533 fecit;
514 474 579 521 ita
600 484 655 521 ut
678 473 997 532 Not-mannia⁷
1021 473 1084 521 de
1111 490 1208 538 qua
1237 473 1366 522 idem
1395 491 1510 523 suus
1536 493 1611 540 ge-

188 551 318 599 nitor
329 551 455 600 ultra
465 561 678 599 trecenta
691 550 841 598 millia
856 550 1132 598 francorum
1148 568 1395 616 nunquam
1412 553 1608 611 levarat,

188 628 252 677 ad
282 645 435 694 usque
459 628 717 678 duodecies
742 639 946 676 centena
968 629 1118 677 millia
1139 629 1414 677 francorum
1437 640 1486 678 et
1507 647 1611 678 am·

188 705 313 771 plius
333 706 536 754 adaucta
570 716 618 754 et
648 715 839 771 gravata
866 706 1005 753 fuerit
1020 743 1033 768 ‚
1058 716 1227 772 praeter
1245 706 1453 771 gabellas
1474 708 1583 756 salis
1598 744 1611 767 ‚

188 790 412 848 quartum
447 785 699 832 denarium
730 784 988 849 potionum
1023 801 1128 849 quae
1163 786 1214 833 in
1251 785 1461 834 tabernis
1491 803 1615 835 ven-

188 859 370 909 duntur
380 863 411 922 ¹,
450 873 499 910 et
524 862 881 927 impositionem
912 863 1125 910 vicesimi
1155 863 1339 911 denarii
1372 881 1516 930 super
1541 864 1617 912 his

187 931 295 1004 quae
314 939 608 1000 venduntur,
632 957 739 1005 quae
760 940 1075 988 nihilominus
1098 957 1287 1006 semper
1315 958 1451 989 more
1475 942 1616 989 solito

189 1017 551 1082 procurrebant.
591 1021 647 1066 In
680 1019 783 1066 aliis
817 1034 1012 1083 quoque
1042 1018 1176 1082 regni
1205 1019 1488 1083 provinciis,
1528 1036 1618 1084 pro

190 1112 280 1144 suo
311 1112 610 1162 unaquaeque
640 1096 791 1144 modo
836 1106 884 1144 et
922 1095 1224 1145 facultatibus
1237 1133 1250 1158 ‚
1297 1097 1466 1162 populi
1514 1114 1620 1161 gra-

190 1173 440 1223 vabantur.
475 1174 663 1232 Quibus
691 1173 920 1222 oneribus
944 1184 994 1222 et
1026 1173 1410 1240 importabilibus
1442 1174 1620 1222 militiae

186 1267 245 1299 ac
284 1261 358 1299 tot
408 1261 748 1316 tantorumque
794 1252 1087 1313 tributorum
1129 1251 1425 1316 cogebantur
1454 1253 1616 1314 multi,

188 1329 286 1377 suis
329 1329 509 1378 laribus
550 1347 607 1379 ac
650 1331 796 1379 natali
834 1332 938 1379 solo
975 1331 1211 1379 derelictis
1226 1367 1239 1391 ,
1277 1331 1463 1380 diversa
1498 1332 1620 1379 exsi-

187 1407 252 1455 lia
293 1417 341 1456 et
374 1424 525 1456 novas
563 1408 698 1456 sedes
737 1425 948 1473 quaerere
983 1425 1291 1474 quocumque
1333 1410 1614 1475 potuissent.

187 1485 377 1544 Quibus
403 1486 562 1534 malis·
577 1486 873 1535 accedebant
911 1498 959 1534 et
988 1497 1143 1553 pestes
1175 1498 1224 1535 et
1257 1487 1455 1536 assiduae
1484 1504 1619 1554 paene

187 1563 442 1612 hominum
475 1574 683 1625 mortes3
719 1564 868 1613 fames
890 1581 1084 1629 quoque
1105 1581 1212 1630 quae
1226 1604 1239 1628 ‚
1270 1582 1355 1613 seu
1371 1566 1618 1614 sterilitate

189 1656 415 1704 agrorum
434 1640 510 1689 vel
532 1641 836 1690 inclementia
856 1643 965 1690 coeli
980 1680 994 1704 ‚
1019 1659 1104 1691 seu
1127 1642 1263 1707 quod
1286 1643 1352 1690 ob
1377 1643 1538 1706 fiigam
1571 1654 1619 1691 et

191 1718 510 1767 desertionem
534 1720 822 1768 colonorum
846 1721 1035 1769 incultae
1061 1721 1277 1784 jacerent
1308 1730 1442 1767 terrae
1455 1757 1468 1780 ,
1504 1738 1617 1786 pro-

190 1795 353 1843 venire
376 1795 664 1844 ferebantur.

102 1934 105 1937 Ι
258 1875 512 1938 Propterea
542 1874 684 1938 igitur
711 1874 845 1938 quod
866 1874 941 1922 his
972 1885 1021 1923 et
1052 1875 1156 1923 aliis
1180 1876 1444 1923 innumeris
1472 1876 1619 1924 attriti

190 1950 430 2010 cladibus,
471 1950 535 1999 ab
571 1951 775 2013 eisdem,
811 1968 929 2017 pace
965 1953 1249 2016 reintegrata
1277 1969 1335 2000 ac
1372 1953 1584 2002 restituta
1597 1991 1613 2016 ‚

188 2045 291 2078 sese
313 2038 561 2094 exemptos
578 2029 680 2077 fore
706 2039 970 2089 cernerent,
996 2030 1142 2078 veluti
1162 2040 1272 2095 post
1293 2030 1461 2094 longas
1481 2040 1615 2079 tene-

189 2106 303 2156 bras
325 2107 545 2155 moeroris
571 2122 628 2154 ac
655 2106 812 2155 luctus
836 2107 915 2155 lux
935 2123 1064 2155 nova
1090 2107 1230 2155 solito
1254 2107 1428 2155 clarior
1448 2107 1616 2155 laetior-

193 2202 287 2250 que
318 2186 531 2250 utrisque
563 2185 755 2250 populis
790 2196 955 2234 exorta
982 2185 1209 2234 divinitus
1245 2185 1527 2246 videbatur3
1566 2196 1616 2234 et

192 2263 277 2327 qui
303 2261 366 2311 ab
394 2262 596 2311 exordio
619 2279 799 2326 guerrae
831 2263 917 2327 (ut
940 2279 1108 2311 omnes
1135 2263 1283 2311 ferme
1306 2263 1475 2329 populi
1501 2281 1616 2329 pro-

190 2339 457 2388 vinciarum
485 2341 807 2388 Maximiliano
839 2340 1163 2406 subditarum)
1198 2343 1501 2407 pertinaciter
1533 2343 1617 2390 ad-

192 2416 518 2480 versabantur,
562 2419 787 2483 nullaque
822 2436 1039 2484 unquam
1067 2421 1199 2485 pacis
1232 2430 1316 2469 aut
1344 2430 1615 2485 treugarum

193 2494 372 2544 foedera
391 2513 442 2545 se
463 2514 575 2546 cum
596 2514 706 2562 rege
728 2498 977 2547 habituros
999 2499 1049 2546 in
1071 2500 1168 2547 suis
1183 2499 1388 2565 publicis
1408 2516 1618 2547 conven-

193 2572 323 2621 tibus
340 2589 397 2621 ac
414 2576 634 2639 privatim
657 2575 837 2640 ubique
856 2577 1125 2641 jactitarent
1140 2615 1152 2639 ‚
1174 2578 1274 2642 jam
1294 2594 1344 2626 se
1366 2594 1485 2643 pace
1504 2593 1615 2624 cum

194 2666 253 2698 eo
303 2651 580 2699 conciliatos
623 2652 725 2700 sore
769 2655 1059 2719 permaxime
1093 2654 1389 2703 laetabantur.
1440 2653 1618 2700 Exinde

251 2810 290 2847 ι.
315 2809 413 2858 voy.
440 2815 467 2845 t.
489 2809 548 2854 11,
570 2820 609 2859 p.
633 2809 698 2846 79.
