2060 3392
629 321 774 359 Ltmzn
805 319 1007 357 sssx'ms.
1324 301 1331 305 ’
1471 321 1520 356 67

507 473 511 476 ’
534 494 877 541 CApl'rULUM
911 494 1076 539 xvm.

104 621 265 668 Qualiter
286 619 397 657 anci
418 618 635 661 Damnatum,
660 618 836 654 civitatem
855 619 1009 665 Apulia,
1029 619 1263 667 popularum,
1286 627 1322 654 et
1340 617 1525 666 quomodo

610 673 694 710 inde
708 673 845 723 depulsi
863 675 1018 711 fuerunt.

171 784 266 835 Sed
287 795 336 834 et
356 783 486 833 aliud
516 800 615 831 non
639 783 839 830 minoris
864 783 1063 848 periculi
1080 821 1093 844 ‚
1131 792 1355 848 sequente
1375 800 1523 845 anno,

105 873 327 912 aornim
349 871 420 922 est
442 861 624 909 malum
641 898 656 922 ‚
678 861 778 908 imo
819 861 962 924 longe
1001 844 1248 924 gravioris‘
1271 871 1318 910 et
1338 862 1530 927 majoris

109 939 375 998 formidinis
396 940 611 1006 plenum.

172 1019 350 1067 AEstate
379 1016 599 1064 videlicet
637 1025 866 1081 sequente
895 1025 1150 1081 postquam
1189 1033 1282 1083 pax
1312 1017 1392 1065 illa
1428 1017 1533 1063 Flo-

108 1096 410 1145 mntinorum
423 1104 526 1143 erat
543 1094 847 1158 reintegrata,
863 1093 1112 1141 nimirum¹
1131 1110 1189 1140 ex
1204 1094 1375 1158 lllyrici
1390 1094 1533 1142 maris

108 1172 268 1223 liuore
282 1210 299 1236 ,
314 1172 484 1234 Tmoi,
523 1181 690 1237 parata
725 1172 872 1219 classe
893 1171 955 1219 ad
977 1171 1136 1218 littora
1154 1171 1294 1219 ltaliae
1315 1171 1498 1219 advecti
1516 1206 1529 1229 ,

109 1250 411 1312 Odronmm,
438 1250 677 1298 civitatem
691 1249 906 1315 Apuliae’,
927 1248 1046 1296 nihil
1070 1249 1161 1296 tale
1179 1249 1359 1314 aliquid
1380 1249 1533 1314 suspi-

109 1337 300 1377 mntem
322 1344 412 1376 nec
453 1327 561 1375 ullis
582 1326 868 1375 militaribus
906 1325 1135 1391 praesidiis
1157 1326 1503 1374 communit'am
1517 1363 1530 1387 ,

54 1413 63 1425 ⁰
110 1405 242 1455 bello
263 1406 423 1456 adorti
444 1416 570 1454 sunt.
594 1408 752 1464 Quam
773 1405 930 1453 statim
954 1420 1221 1467 aggressam
1244 1404 1377 1451 nullo
1398 1420 1534 1469 paene

111 1486 305 1550 negotio
325 1494 656 1551 expugnarunt
666 1486 697 1546 ³,
724 1493 772 1532 et
796 1483 1051 1532 crudeliter
1074 1484 1278 1531 nimium
1299 1483 1535 1549 populan-

111 1573 214 1626 tes,
240 1564 370 1612 mis
410 1562 596 1611 civibus
625 1562 700 1612 vel
742 1562 1019 1627 profligatiS,
1051 1561 1284 1610 hostiliter
1325 1562 1532 1627 diripue-

111 1648 240 1688 runt.

177 1718 290 1765 Erat
308 1725 424 1764 tuuc
445 1716 495 1763 in
516 1731 575 1763 ea
594 1714 781 1762 civitate
799 1713 945 1778 ipsius
955 1713 1167 1779 pontifex
1182 1751 1195 1776 ‚
1211 1714 1317 1761 vitae
1331 1713 1535 1779 puritate

114 1809 172 1842 ac
383 1809 443 1841 va
463 1793 636 1841 canitie
658 1790 961 1852 venerabilis,
978 1807 1123 1854 quem
1139 1801 1297 1839 truces
1309 1791 1376 1838 illi
1392 1800 1536 1855 atque

115 1870 429 1920 soevibarbari
452 1870 614 1933 (canes
634 1869 793 1934 potius
812 1884 960 1932 quam
976 1867 1197 1916 homines
1220 1868 1533 1933 appellandi),

115 2008 251 2048 l’avoir
266 2008 439 2061 ignoroe.
460 2008 519 2046 On
540 2015 633 2059 peut
648 2006 734 2045 voir
749 2018 794 2044 ce
810 2006 951 2058 qu‘elle
969 2006 1027 2044 fut
1044 2005 1140 2045 dans
1158 2005 1334 2058 Philippe
1353 2006 1402 2046 de
1421 2007 1534 2045 Com-

116 2071 263 2119 minoe,
282 2071 312 2110 1.
335 2072 408 2117 VI,
433 2069 497 2109 ch.
532 2083 588 2108 ιν.
612 2070 644 2108 Ῑ1
669 2083 694 2120 y
721 2082 745 2108 a
768 2069 870 2107 aussi
901 2082 955 2107 un
984 2069 1184 2108 manifeste
1207 2068 1260 2107 du
1283 2069 1341 2107 roi
1366 2082 1466 2121 pour
1483 2069 1537 2108 les

114 2134 274 2174 meis
305 2133 739 2186 (Lenglet-Dusroenoy‚
773 2134 1003 2182 commines,
1033 2141 1061 2171 t.
1087 2134 1168 2179 111,
1194 2145 1233 2184 p.
1259 2133 1380 2180 552),
1402 2139 1538 2170 etune

115 2197 316 2239 drculaire
343 2198 397 2236 du
425 2200 449 2236 5
474 2188 568 2235 aotit
594 2197 698 2237 1478
728 2209 829 2248 pour
850 2196 993 2235 sei-mer
1018 2196 1177 2234 l'entriee
1199 2195 1252 2234 du
1278 2208 1466 2247 royaume
1487 2209 1538 2234 au

116 2270 243 2301 comte
265 2260 523 2312 Hiizronyme,
548 2277 566 2294 ι
587 2261 610 2298 ὲ
632 2270 712 2312 ung
735 2259 891 2297 nomm&
911 2258 1111 2297 Jherosme
1131 2258 1283 2307 Riaire,
1310 2258 1468 2298 homme
1490 2259 1540 2298 de

114 2321 187 2362 bas
203 2322 280 2362 lieu
297 2331 336 2361 et
352 2321 577 2370 mnfficinn,
604 2321 751 2373 lequel,
779 2334 827 2359 en
853 2320 982 2373 hayne
999 2321 1048 2360 de
1073 2321 1261 2360 l’alliance
1287 2333 1364 2373 que
1388 2330 1457 2360 ont
1483 2322 1539 2360 les

116 2385 331 2424 florentius
357 2386 378 2423 ὲ
402 2397 549 2423 nous...
567 2413 578 2431 ,
605 2397 649 2432 a,
675 2383 760 2435 puis
786 2394 914 2422 aucun
939 2392 1084 2436 temps,
1106 2384 1351 2436 conspirss...
1377 2391 1415 2422 et
1432 2397 1455 2422 a
1475 2383 1540 2422 fait

118 2447 290 2497 envoioe,
309 2446 427 2486 soubz
445 2446 604 2486 couleur
621 2445 739 2484 d’une
757 2445 883 2484 fausse
900 2445 1089 2498 higaion,
1102 2446 1139 2485 le
1157 2446 1327 2485 cardinal
1345 2446 1394 2485 de
1414 2446 1540 2486 Saint-

120 2512 289 2564 George,
305 2523 386 2556 son
410 2518 546 2563 parent
570 2518 609 2548 et
632 2509 739 2556 affin,
766 2518 805 2548 et
827 2508 1118 2560 l'archevesque
1143 2509 1192 2548 de
1213 2509 1313 2549 Pise.
1339 2527 1357 2543 ι·
1385 2509 1542 2548 Recueil

118 2573 316 2626 Lemnii,
334 2582 363 2612 t.
383 2574 536 2622 XXVI,
559 2585 638 2610 aux
656 2584 746 2609 mss.
770 2570 872 2609 dela
891 2570 989 2609 Bibl.
1013 2571 1109 2623 imp.

173 2639 191 2676 1
203 2666 213 2676 .
243 2632 344 2675 Nam
362 2635 457 2675 dans
476 2635 512 2674 le
531 2649 603 2674 ms.

173 2701 214 2738 2.
243 2699 419 2745 ouante,
437 2696 651 2749 monopole
665 2696 713 2735 de
730 2695 947 2736 la-Pouine.

174 2763 214 2800 3.
243 2761 433 2811 Attaquae'ee
448 2760 486 2798 le
502 2762 553 2799 28
577 2759 701 2808 juillet
719 2761 842 2809 1480,
866 2760 903 2797 la
931 2759 1021 2798 ville
1039 2759 1206 2811 capitula
1229 2759 1264 2796 le
1284 2761 1327 2796 Η
1353 2761 1444 2797 amit
1465 2759 1542 2797 sui-

123 2833 250 2865 vent.-
