2060 3392
669 291 814 330 mmm
841 290 1045 329 SEXTUS.
1517 290 1567 329 33

0 363 4 394 ἱ
87 420 94 426 ⁷.
151 380 371 429 Tornaco
383 380 610 428 exierant.
635 383 785 428 Porro
802 395 916 429 cum
947 394 1060 428 suos
1079 378 1364 443 Flamingos,
1385 378 1469 443 qui
1489 396 1569 444 pe-

153 455 274 506 dites
292 467 428 522 erant
437 457 618 522 majore
635 466 840 524 exparte
853 493 868 519 ‚
889 473 951 505 ne
971 471 1115 523 super
1134 471 1217 504 eos
1234 455 1568 520 hujuscemodi

152 536 320 584 Franci
337 536 519 600 equites
535 536 769 584 irruerent
781 571 795 597 ,
815 534 957 583 vellet
970 544 1216 601 protegere
1231 550 1287 582 ac
1302 532 1565 596 defensare,

152 612 441 678 praemittens'
456 630 539 663 eos
553 630 664 662 cum
680 611 839 678 praeda
854 629 1002 678 quam
1014 611 1236 672 fecerant,
1252 621 1361 678 post
1373 610 1570 659 eosdem

152 697 203 736 et
230 689 356 737 inter
386 706 469 738 eos
499 700 640 755 atque
666 692 874 738 Francos
910 690 994 754 qui
1033 706 1145 736 eum
1177 686 1565 752 insequebantur,

152 779 264 812 cum
281 764 447 830 paucis
466 764 705 828 equitibus
722 781 845 830 quos
857 762 1087 825 habebat,
1104 779 1152 811 se
1168 762 1427 811 constituit.
1447 764 1568 809 Cum

150 856 266 889 vero
298 841 581 890 eorumdem
618 845 911 891 Francorum
950 840 1301 906 insequentium
1338 840 1569 904 impetum

151 917 367 983 frangere
389 929 701 985 pertentaret,
726 935 870 984 seque
891 929 1069 967 temere
1094 918 1298 965 nimium
1316 934 1428 965 cum
1450 932 1568 983 pau-

112 1006 115 1009 ·
151 996 220 1044 cis
239 997 291 1044 in
313 997 464 1046 multo
492 998 722 1062 majorem
744 997 956 1046 hostium
989 1011 1245 1044 numerum
1271 995 1538 1043 immisisset
1554 1032 1567 1056 ,

151 1072 215 1122 ab
237 1074 305 1122 eis
324 1074 502 1138 lanceis
519 1084 568 1123 et
587 1075 742 1122 contis
761 1074 1027 1135 confossus,
1044 1082 1324 1140 peremptus
1348 1082 1418 1120 est
1439 1073 1469 1119 ¹.

215 1153 327 1213 Quo
335 1161 533 1216 accepto
554 1153 744 1214 nuntio,
764 1152 995 1216 Flamingi
1012 1189 1025 1213 ,
1052 1152 1135 1216 qui
1155 1150 1406 1216 paululum
1426 1149 1488 1198 ab
1510 1167 1570 1197 eo

150 1228 260 1276 loco
291 1227 518 1290 aberant,
541 1229 746 1277 exterriti
774 1239 823 1276 et
852 1228 1103 1295 pavefacti,
1142 1244 1229 1294 per
1258 1227 1418 1290 fugam
1453 1243 1570 1275 con-

150 1305 404 1354 sulendum
438 1305 529 1354 sibi
568 1307 934 1354 aestimaverunt.
974 1308 1133 1364 Quam
1169 1305 1477 1370 accipientes,
1520 1314 1572 1352 ut

150 1383 319 1445 melius
349 1384 551 1449 quisque
580 1394 790 1450 poterat,
822 1401 941 1444 sese,
971 1384 1144 1432 amisso
1177 1383 1319 1441 duce,
1343 1383 1395 1430 in
1414 1382 1571 1430 vicina

151 1460 331 1527 oppida
349 1473 661 1528 receperunt;
693 1463 979 1527 fueruntque
1000 1462 1062 1509 de
1082 1461 1196 1527 ipsis
1216 1461 1439 1508 nonnulli
1459 1477 1571 1526 per-

148 1540 297 1605 empti
308 1541 564 1602 ,vnonnulli
585 1541 714 1606 capti
729 1551 776 1588 et
797 1543 1066 1588 Tornacum
1081 1538 1294 1587 adducti.

212 1617 440 1681 Sequenti
458 1627 618 1665 autem
633 1617 711 1665 die
720 1620 751 1677 ⁸,
777 1634 889 1665 cum
910 1617 1057 1666 iidem
1079 1617 1248 1665 Franci
1269 1616 1330 1664 de
1350 1619 1568 1664 Tornaco

148 1693 366 1742 exiissent
384 1704 432 1742 et
450 1694 514 1742 ad
530 1695 765 1761 oppidum
783 1698 1091 1744 Corteracum
1118 1694 1445 1759 pervenissent
1456 1732 1469 1755 ,
1494 1695 1570 1742 in-

147 1783 381 1821 venenmt
398 1783 528 1821 extra
548 1774 783 1839 oppidum
796 1791 993 1838 magnas
1010 1774 1174 1839 copias
1191 1773 1566 1837 Flamingorum,

149 1850 311 1898 multis
338 1850 557 1898 curribus
598 1861 646 1899 et
686 1851 920 1899 machinis
957 1851 1142 1899 bellicis
1175 1850 1476 1898 vallatorum.
1514 1853 1568 1898 In

148 1922 273 1992 quos
307 1945 420 1977 cum
440 1930 700 1991 irruissent,
738 1931 919 1978 nullam
957 1929 1269 1978 resistentiam
1301 1946 1392 1977 nec
1413 1929 1570 1977 defen-

146 2005 356 2064 sionem,
387 2006 477 2054 nisi
501 2006 652 2054 solam
689 2006 873 2070 fugam,
905 2007 1053 2054 iidem
1075 2006 1305 2070 Flamingi
1326 2022 1579 2072 opposue-

146 2092 276 2143 runt.
303 2085 467 2148 Itaque
498 2083 558 2134 de
583 2084 695 2149 ipsis
727 2085 947 2132 nonnulli
977 2084 1238 2150 perempti,
1262 2083 1423 2149 plures
1453 2100 1567 2132 vero

146 2160 274 2226 capti
311 2163 581 2209 Turnacum
616 2161 810 2210 abducti
839 2171 972 2223 sunt,
1014 2162 1080 2209 ita
1115 2171 1169 2208 ut
1207 2161 1435 2225 gregatim
1455 2171 1568 2210 ante

146 2238 328 2303 equites
348 2241 659 2301 Francorum,
673 2239 819 2288 veluti
841 2239 1004 2287 ovium
1023 2239 1099 2287 vel
1117 2249 1445 2287 armentorum
1464 2255 1567 2302 gre-

147 2330 249 2378 ξω,
273 2326 522 2380 agerentur
547 2326 690 2382 atque
719 2318 1032 2365 minarentur.
1059 2315 1205 2374 Quod
1242 2316 1566 2382 spectaculum

199 2482 240 2520 1.
269 2480 414 2520 Affaire
447 2481 501 2520 du
541 2490 637 2534 pont
671 2482 720 2521 de
754 2482 873 2529 chin,
911 2482 999 2534 pres
1038 2481 1087 2520 de
1116 2484 1313 2532 Tournay‚
1341 2481 1378 2519 le
1408 2482 1459 2520 28
1481 2481 1565 2530 juin

147 2544 266 2582 1477.
294 2541 411 2581 L’Art
436 2543 486 2582 de
509 2543 664 2583 verifier
686 2544 742 2583 les
771 2544 878 2583 dates
906 2553 985 2583 met
1013 2546 1035 2582 a
1067 2551 1145 2582 tort
1172 2551 1234 2581 cet
1258 2543 1488 2581 evenement
1517 2556 1566 2582 au

147 2605 199 2643 22
227 2603 326 2652 juin.
348 2606 452 2643 Nous
472 2605 694 2658 corrigeons
711 2606 863 2659 d’apres
880 2609 935 2647 M.
959 2608 1186 2653 Louandre‚
1207 2607 1396 2643 Bulletins
1416 2606 1483 2642 des
1501 2619 1568 2642 an-

146 2669 247 2704 me‘es
268 2667 317 2704 de
340 2669 452 2705 louis
470 2670 535 2705 XI
550 2672 704 2718 envoye‘s
724 2671 750 2707 ὰ
767 2660 981 2717 ΑόὂενίΙΙε,
1003 2682 1045 2721 p.
1071 2669 1138 2706 22.

200 2730 241 2767 2.
271 2731 325 2767 Le
345 2729 626 2769 surlendemain
645 2733 696 2769 30
710 2731 794 2779 juin
808 2761 820 2780 ,
843 2745 894 2771 au
913 2740 1010 2783 pont
1027 2729 1262 2782 d’Espierres
1280 2728 1421 2768 devant
1438 2731 1566 2767 Tour-

148 2803 239 2842 my,
258 2798 297 2828 et
314 2804 393 2830 non
411 2790 553 2830 devant
569 2794 744 2833 Courtrai
755 2822 766 2842 ,
786 2794 992 2835 comme'ffe
1010 2792 1065 2832 dit
1090 2792 1269 2831 l’auteur.

285 2865 317 2891 u
1356 2856 1379 2891 3
