2060 3392
666 328 812 366 Lmen
852 327 1053 366 SEXTUS.
1543 331 1565 366 Ἰ

154 418 330 484 opibus
353 416 504 465 ditati.
527 415 632 463 Fuit
656 424 703 463 et
731 415 854 462 inter
873 413 1069 462 eosdem
1088 413 1268 477 legatos
1291 412 1465 463 nobilis
1482 416 1567 462 mi-

152 495 221 544 les
262 494 324 544 de
351 493 595 555 Flandria,
625 492 851 541 dominus
884 491 944 540 de
977 490 1267 551 Gruthuuse,
1298 507 1410 539 cum
1444 508 1567 539 non-

153 573 296 622 nullis
315 589 523 639 quorum
544 571 743 620 nomina
762 586 863 618 non
886 572 1141 618 tenemus&

216 650 313 709 Qui
347 665 459 698 cum
495 648 557 697 ad
586 664 746 711 regem
762 647 1089 707 accessissent,
1110 663 1276 695 causas
1307 663 1567 712 exposuere

152 743 248 776 m
267 727 542 792 legationis,
561 741 730 792 pacem
753 741 866 773 cum
888 741 975 773 sua
1004 725 1245 789 majestate
1272 724 1452 773 habere
1473 725 1568 772 hu-

151 805 324 854 militer
345 805 667 872 postulantes,
691 813 738 851 et
763 804 1078 868 imprecantes
1104 812 1338 867 quatenus
1364 802 1427 851 ab
1447 804 1570 851 ulte-

151 883 278 931 riore
312 883 628 948 occupatione
656 891 914 942 terrarum,
933 880 1177 928 civitatum
1199 889 1247 927 et
1278 880 1570 946 oppidorum

151 959 438 1026 principissae
471 975 566 1007 suae
593 958 735 1007 vellet
759 958 1006 1019 desistere,
1042 974 1216 1023 easque
1249 957 1407 1006 eidem
1437 959 1570 1007 resti-

151 1045 284 1085 mere
316 1052 436 1101 quas
463 1037 565 1101 ¹jam
598 1045 942 1102 occupaverat3
971 1034 1221 1084 offerentes
1243 1035 1362 1082 velle
1386 1035 1476 1083 sibi
1498 1036 1572 1084 di-

150 1114 336 1163 minere
358 1124 408 1163 et
435 1113 715 1162 contradere
740 1124 885 1162 terras
910 1123 957 1161 et
977 1113 1173 1179 oppida,
1199 1130 1304 1177 quae
1322 1114 1570 1178 quondam

150 1190 216 1240 ab
240 1192 439 1257 antiquo
464 1192 651 1240 fuerant
673 1191 794 1256 juris
812 1207 1003 1239 coronae
1033 1192 1192 1255 regiae,
1218 1201 1266 1239 et
1301 1201 1413 1240 ante
1435 1209 1571 1256 guer-

150 1283 229 1317 ras
242 1277 394 1333 gestas
405 1285 517 1316 cum
523 1278 674 1335 patre,
687 1285 778 1317 avo
790 1278 838 1316 et
845 1284 1028 1334 proavo
1038 1267 1249 1332 ejusdem
1266 1285 1361 1315 suae
1388 1269 1566 1330 filiolae3

151 1345 294 1394 simul
316 1346 461 1394 etiam
482 1345 636 1394 facere
654 1345 858 1393 hominii
875 1355 1225 1394 sacramentum
1247 1362 1337 1411 pro
1366 1346 1457 1393 illis
1477 1347 1572 1394 feo-

150 1421 355 1488 dis‚quae
373 1422 541 1471 eadem
560 1440 645 1470 sua
657 1423 934 1488 principissa
949 1422 1011 1470 de
1026 1438 1208 1470 corona
1221 1423 1427 1470 Franciae
1443 1433 1571 1471 tene-

150 1509 246 1560 ret3
264 1510 314 1548 et
332 1500 467 1565 quod
484 1509 741 1549 ressortum
763 1516 1013 1548 causarum
1035 1500 1097 1548 de
1115 1499 1391 1565 hujusmodi
1413 1502 1566 1562 terris,

144 1576 280 1641 juxta
298 1578 518 1643 antiquas
539 1579 671 1643 regni
688 1581 981 1626 Francorum
1004 1578 1390 1639 consuetudineS,
1412 1578 1572 1626 devol-

149 1664 337 1703 venetur
366 1654 429 1703 ad
451 1656 633 1703 curiam
655 1656 936 1722 parlamenti
958 1655 1126 1721 regalis
1147 1656 1443 1718 Parisiensis,
1470 1673 1571 1704 non

150 1732 318 1781 habito
341 1743 559 1799 respectu
597 1734 662 1782 ad
681 1743 934 1782 tractatum
958 1750 1071 1781 cum
1087 1742 1222 1798 patre
1240 1733 1453 1798 ejusdem
1474 1749 1569 1781 suae

151 1811 457 1877 principissae,
484 1811 613 1877 apud
636 1815 872 1860 Peronam
885 1847 901 1869 ,
937 1821 986 1859 et
1008 1811 1127 1859 alios
1157 1827 1269 1858 cum
1298 1810 1472 1858 eodem
1493 1811 1569 1858 vel

151 1887 294 1935 etiam
321 1889 463 1936 bonae
494 1890 733 1936 memoriae
754 1905 846 1936 avo
873 1905 960 1936 suo
987 1888 1209 1953 Philippo
1236 1887 1386 1935 factos
1408 1897 1456 1934 et
1486 1888 1570 1936 ha·

151 1962 309 2012 bitos:
335 1981 543 2029 quorum
565 1975 790 2031 praetextu
808 1966 898 2030 ipsi
920 1975 1105 2031 patrem
1123 1981 1264 2012 suum
1278 1974 1327 2013 et
1347 1981 1492 2012 avum
1520 1966 1571 2012 in

150 2042 366 2107 plurimis
393 2043 531 2090 terris
552 2042 904 2106 hujuscemodi,
930 2060 1035 2108 quae
1062 2042 1125 2091 ab
1152 2042 1351 2107 antiquo
1381 2058 1568 2091 coronae

149 2119 286 2182 regiae
311 2128 664 2184 spectaverant,
688 2119 875 2167 bonum
900 2119 1153 2167 habuisse²
1180 2121 1282 2184 jus,
1306 2129 1355 2167 et
1386 2119 1449 2167 ab
1479 2120 1569 2167 ho-

149 2195 283 2243 minii
306 2186 603 2244 sacramento
621 2206 668 2245 et
689 2197 903 2244 ressortis
922 2196 984 2245 ad
1013 2196 1188 2244 dictam
1211 2197 1393 2245 curiam
1416 2198 1537 2261 regis
1552 2235 1565 2258 ,

203 2316 244 2354 ¹.
271 2314 388 2354 Leuis
406 2314 456 2354 de
470 2317 630 2368 Bruges,
651 2317 831 2369 seigneur
849 2317 897 2355 de
915 2317 953 2355 la
965 2316 1200 2368 Gruthuyse,
1218 2316 1342 2355 faisait
1359 2316 1461 2355 aussi
1481 2330 1570 2369 par-

149 2375 201 2415 tie
217 2376 269 2415 de
285 2376 540 2416 l’ambassade
558 2379 608 2417 de
625 2379 662 2418 la
681 2379 867 2418 duchesse
878 2409 889 2427 ,
911 2392 1006 2418 avec
1024 2379 1202 2431 l'eveque
1220 2379 1377 2418 d'Arras
1389 2408 1400 2427 ‚
1419 2380 1457 2418 le
1481 2392 1569 2431 pre-

149 2439 246 2478 mier
262 2439 423 2480 &chevin
442 2441 492 2480 de
509 2442 642 2490 Gand,
658 2442 695 2481 le
714 2443 836 2494 grand
851 2442 956 2481 bailli
971 2443 1134 2495 d’Ypres
1154 2451 1194 2481 et
1211 2442 1314 2481 deux
1333 2443 1566 2481 conscium-s.

148 2500 418 2542 L'ambossade
438 2503 505 2542 des
527 2496 632 2543 Etats
654 2505 745 2543 etait
769 2506 973 2558 composee
997 2505 1045 2544 de
1072 2505 1192 2544 douze
1217 2518 1426 2557 personnes
1448 2505 1570 2557 parmi

150 2563 351 2614 lesquelles
377 2578 429 2604 on
450 2567 684 2618 remarquait
708 2567 763 2605 les
781 2566 900 2606 abbes
922 2567 971 2606 de
990 2567 1255 2606 Saint-Pierre
1272 2567 1321 2606 de
1337 2567 1449 2606 Gand
1469 2577 1506 2605 et
1524 2567 1572 2605 de

150 2626 409 2667 Saint-Bertin
420 2657 432 2675 ‚
449 2630 505 2667 les
524 2629 812 2681 pensionnaires
827 2630 876 2669 de
894 2630 1115 2678 Bruxelles‚
1131 2630 1181 2670 de
1197 2630 1309 2670 Gand
1325 2639 1363 2669 et
1379 2630 1428 2669 de
1443 2633 1569 2673 Mons,

150 2697 189 2727 et
216 2689 254 2727 le
285 2701 443 2740 mayeur
475 2691 523 2730 de
554 2692 743 2731 Louvain.
774 2695 968 2731 ν,ΒιιΙΙετὶνιε
1004 2694 1052 2730 de
1094 2695 1327 2731 I'Acade’mie
1360 2695 1489 2742 royale
1523 2694 1573 2728 dc

151 2753 371 2799 mullet,
391 2753 512 2799 1839,
534 2754 656 2805 partie
674 2757 733 2801 11,
754 2768 794 2807 p.
817 2757 910 2794 237.

205 2817 246 2851 2.
277 2816 357 2863 Ipsi
373 2823 490 2863 pater
505 2829 592 2853 suus
610 2825 647 2853 et
666 2830 822 2857 ama...
844 2817 1024 2865 habuere,
1044 2817 1139 2855 dans
1159 2818 1194 2855 le
1214 2830 1286 2856 ms,
