2060 3392
767 306 917 343 mmm
944 305 1198 344 SEPTIMUS.
1624 307 1699 345 139

279 402 427 443 tatem
455 393 635 454 redire,
667 393 752 442 sed
774 394 981 460 propriis
998 393 1177 442 laribus
1197 394 1394 456 relictis,
1427 395 1594 460 inopia
1622 413 1700 443 ur-

279 480 443 536 gente,
468 487 567 518 sese
604 469 666 518 ad
698 469 879 535 oppida
910 470 1274 534 transyssellana
1287 472 1322 530 ¹,
1348 481 1430 518 aut
1459 470 1575 533 alia,
1602 489 1700 536 quo

262 547 568 614 potuissent,
604 546 856 595 transferre
870 583 882 606 ,
915 546 1248 610 hujuscemodi
1267 549 1460 612 tyranni
1481 549 1605 596 ultra
1638 550 1701 596 ci-

278 636 362 673 ves
411 624 473 673 ad
507 624 877 672 conducendum
908 640 1154 672 annonam
1193 625 1319 672 exire
1351 626 1548 674 minime
1595 643 1701 692 per-

278 702 538 762 miserunt3
562 702 647 750 sed
677 702 773 750 hoc
801 703 1006 750 rutheris
1036 703 1132 751 suis
1163 703 1407 752 dumtaxat
1430 704 1699 756 faciendum

279 781 572 845 reliquerunt
583 819 595 843 ,
615 798 824 846 quorum
841 791 1003 829 tamen
1018 785 1032 808 ¹
1055 798 1308 830 numerum
1325 782 1555 847 majorem
1577 783 1701 831 intra

278 859 517 923 civitatem
538 876 725 925 semper
744 869 980 907 retentare
1002 858 1237 907 solebant.

763 1041 1104 1087 CAPITULUM
1150 1040 1229 1085 ΙΙΙ.

278 1163 330 1202 DQ
345 1161 586 1199 commotione
602 1161 881 1209 Trajectensium
897 1170 1022 1197 contra
1039 1174 1121 1197 suos
1134 1170 1317 1210 tyrannos,
1337 1169 1371 1196 et
1385 1161 1430 1196 de
1443 1175 1569 1198 eorum
1583 1163 1700 1199 incar—

514 1222 707 1266 ceratione,
725 1231 759 1258 et
776 1222 960 1270 quomodo
972 1235 1045 1258 sese
1057 1222 1256 1258 stultissime
1273 1231 1419 1270 egerunt
1438 1222 1466 1256 ³.

343 1327 686 1376 Desiderabant
716 1338 877 1376 autem
911 1339 958 1376 et
992 1328 1323 1376 acclamabant
1363 1344 1498 1393 paene
1535 1346 1703 1377 omnes

278 1419 466 1468 paoem,
482 1415 530 1453 et
549 1421 783 1470 eousque,
802 1422 901 1453 uno
914 1406 1011 1463 die,
1032 1416 1317 1472 perventum
1333 1416 1403 1454 est
1428 1406 1584 1471 quod,
1607 1407 1704 1454 col-

277 1481 399 1530 lecta
418 1482 720 1530 mullitudine
741 1484 905 1549 populi
927 1484 976 1532 in
1000 1485 1167 1545 armis,
1194 1484 1282 1549 ipsi
1315 1484 1500 1549 aliquos
1524 1484 1586 1532 de
1608 1485 1703 1532 suis

278 1560 490 1624 tyrannis
513 1571 743 1626 ceperunt
765 1571 813 1608 et
842 1562 892 1609 in
919 1578 1157 1610 carcerem
1175 1562 1505 1624 detruserunt,
1531 1563 1704 1610 claves-

278 1653 372 1702 que
401 1648 649 1703 portarum
680 1640 881 1687 civitatis
911 1657 939 1688 a
969 1641 1066 1688 suis
1098 1640 1474 1706 burgimagistris
1507 1658 1703 1707 accepe-

278 1725 414 1775 runt3
436 1725 484 1763 et
499 1717 538 1763 si
553 1717 659 1781 quis
674 1717 723 1764 in
747 1718 814 1765 eis
834 1717 995 1766 fuisset
1010 1735 1174 1766 sensus
1184 1756 1197 1780 ‚
1219 1720 1258 1766 si
1277 1719 1393 1783 quid
1409 1718 1530 1765 boni
1550 1720 1704 1767 consi-

279 1791 330 1839 lii
354 1792 431 1840 vel
448 1793 733 1858 prudentiae,
766 1810 935 1859 pacem
958 1811 1094 1842 suam
1112 1795 1161 1842 in
1185 1795 1408 1843 manibus
1430 1794 1698 1855 habebant,

279 1877 327 1916 et
357 1870 591 1918 servitutis
609 1870 778 1934 jugum
799 1870 1118 1919 excutiebant.
1151 1872 1200 1918 Si
1225 1873 1355 1919 enim
1389 1871 1557 1920 habito
1591 1889 1701 1920 cum

280 1946 392 1993 viris
419 1946 562 1995 bonis
585 1956 632 1995 et
654 1948 946 2013 sapientibus
970 1958 1264 2014 acceptoque
1290 1950 1492 1998 consilio
1516 1950 1573 2014 (e
1595 1951 1701 2015 qui-

278 2022 370 2071 bus
403 2035 452 2071 et
484 2025 534 2072 in
567 2025 722 2085 clero,
764 2036 811 2073 et
838 2026 902 2073 ‘in
954 2027 1136 2092 populo
1171 2026 1460 2076 sufficienter
1498 2029 1701 2077 inveniri

278 2103 600 2168 potuissent),
640 2104 796 2151 statim
826 2104 889 2151 ad
923 2103 1176 2152 dominum
1203 2114 1250 2152 et
1283 2116 1526 2171 pastorem
1561 2124 1701 2154 suum

278 2181 515 2246 optimum
566 2182 928 2243 accersendum,
967 2183 1047 2246 qui
1084 2199 1236 2248 prope
1276 2183 1339 2231 ad
1388 2185 1479 2232 tria
1516 2194 1701 2232 tantum

279 2258 355 2306 vel
382 2258 481 2306 duo
512 2260 731 2308 milliaria
758 2260 990 2322 distabat,
1014 2260 1194 2324 legatos
1223 2261 1484 2322 misissent,
1511 2263 1701 2310 interim

279 2335 391 2400 ipsis
421 2337 614 2385 armatis
634 2337 774 2385 simul
810 2337 1202 2402 per-manentibus
1230 2349 1278 2386 et
1302 2356 1466 2387 muros
1492 2357 1603 2387 suos
1634 2349 1702 2387 at-

281 2428 374 2476 que
405 2424 566 2478 portas
595 2415 792 2462 solerter
807 2414 1185 2463 custodientibus
1205 2434 1216 2462 :
1241 2416 1358 2463 nulli
1381 2416 1583 2464 dubium
1602 2434 1701 2464 esse

280 2498 434 2553 potest
462 2492 605 2554 quin,
645 2492 842 2558 depulsa
871 2493 1122 2557 tyrannide
1157 2510 1253 2558 qua
1289 2494 1617 2542 miserabiliter
1653 2504 1701 2542 et

338 2627 375 2663 1.
407 2628 479 2666 Les
498 2627 605 2667 vines
622 2629 894 2668 d'Over-Yssel
909 2659 919 2677 ,
942 2629 1188 2668 c'est-a-dire
1202 2630 1251 2670 de
1270 2631 1305 2669 la
1329 2630 1533 2673 Bollande.

333 2688 373 2725 2.
404 2688 530 2727 Plutot
546 2698 646 2728 tunc.

338 2751 373 2787 3.
405 2749 583 2802 Chapitre
614 2752 790 2804 imprime
820 2754 915 2792 dans
941 2754 995 2792 les
1023 2757 1210 2792 Analecta
1234 2756 1282 2793 de
1308 2754 1510 2793 Matthaeus
1537 2763 1574 2791 et
1607 2753 1701 2791 dans

282 2812 553 2863 l’Amplc‘ssima
571 2816 749 2852 collectio.
