2060 3392
451 230 453 234 '
482 225 532 260 96
844 219 1186 258 HISTORIARUM
1214 219 1449 257 LUDOVICI
1476 221 1532 258 XI

482 327 627 376 quam
641 347 654 372 ,
679 310 780 356 sine
795 307 944 355 dubio
958 344 970 368 ,
1003 307 1144 370 longe
1167 306 1369 371 amplior
1386 323 1610 355 numerus
1627 310 1815 357 eorum¹
1832 308 1893 356 de

480 384 832 436 honestioribus
868 375 1075 445 civibus,
1122 383 1204 447 qui
1235 383 1296 431 ad
1315 384 1581 449 parendum
1598 394 1739 449 atque
1761 383 1896 434 obse-

481 464 727 531 quendum
747 479 833 510 suo
855 460 1069 526 pontifici
1105 460 1447 524 afficiebantur,
1485 463 1740 528 exsisteret)
1770 464 1895 528 quis-

481 559 575 608 que
629 550 728 589 erat
774 540 857 603 qui
905 549 1072 587 contra
1124 539 1312 588 decreta
1347 541 1421 588 vel
1473 541 1894 589 inordinatissimas

481 619 726 668 rebellium
757 617 1030 666 affectiones
1051 617 1222 665 mutire
1254 618 1450 666 auderet
1478 637 1488 666 :
1525 619 1574 666 in
1597 628 1731 668 tanto
1764 628 1894 667 metu

481 715 536 746 ac
557 697 697 745 minis
718 695 1072 761 premebantur.

546 779 695 839 Atque
733 774 866 836 cum,
894 773 1069 821 infecto
1095 774 1224 839 pacis
1261 775 1475 838 negotio,
1516 775 1654 839 legati
1697 776 1895 841 civitatis

480 853 682 901 domum
706 869 763 900 ex
792 851 1044 900 Brabantia
1064 852 1362 900 revertissent
1378 890 1390 914 ,
1417 869 1644 916 magnum
1676 853 1894 901 ruthero-

480 948 586 977 rum
609 946 862 977 numerum
878 967 891 991 ,
923 930 1137 993 equitum
1176 939 1317 993 atque
1345 929 1559 995 peditum
1584 968 1596 992 ,
1625 929 1896 979 rebellionis

481 1018 699 1056 auctores
727 1007 1063 1072 undecumque
1101 1016 1344 1071 poterant,
1382 1007 1705 1067 adsciverunt;
1751 1005 1816 1056 ita
1842 1017 1896 1056 ut

482 1084 662 1150 absque
696 1082 996 1146 difficultate,
1025 1084 1063 1131 si
1091 1084 1158 1130 eis
1182 1082 1417 1147 libuisset,
1440 1094 1488 1132 et
1513 1085 1716 1150 diripere
1738 1085 1897 1134 civita-

479 1172 600 1224 tem,
637 1172 684 1209 et
725 1162 850 1210 cives
885 1161 1120 1209 trucidare
1158 1162 1445 1227 potuissent,
1491 1163 1579 1210 nisi
1612 1162 1708 1210 hoc
1733 1161 1895 1212 divina

481 1241 718 1288 miseratio
740 1240 993 1287 avertisset.
1023 1241 1145 1286 Cum
1167 1239 1242 1286 his
1264 1240 1421 1305 itaque
1446 1239 1690 1306 praedandi
1707 1255 1764 1290 ac
1783 1246 1894 1306 spo·

482 1319 631 1367 liandi
670 1319 1010 1380 instrumentis,
1042 1319 1224 1382 junctis
1247 1335 1358 1366 cum
1395 1319 1462 1367 eis
1477 1317 1659 1367 civibus
1673 1356 1687 1380 ,
1713 1319 1898 1384 quoties

479 1406 528 1443 et
566 1396 628 1444 ad
669 1413 877 1461 quorum
925 1411 1178 1442 numerum
1210 1395 1473 1444 rectoribus
1495 1396 1728 1462 imperare
1768 1395 1895 1444 colli-

480 1473 681 1537 buisset,
734 1475 935 1540 patriam
951 1511 964 1535 ,
1023 1483 1128 1521 tam*
1170 1490 1304 1522 suam
1319 1511 1332 1536 ,
1397 1491 1542 1539 quam
1593 1474 1897 1523 Hollandiam

479 1552 685 1600 vici-nam
699 1590 712 1614 ‚
752 1552 1043 1599 incursantes
1088 1549 1171 1614 (id
1209 1551 1364 1616 ipsum
1402 1552 1544 1599 etiam
1583 1551 1896 1618 stipendiariis

482 1629 694 1694 episcopi
711 1638 759 1676 et
780 1627 1040 1675 Hollandiae
1062 1643 1089 1673 e
1109 1626 1295 1675 diverso
1317 1627 1666 1693 referentibus),
1686 1644 1898 1692 quaqua-

481 1722 670 1752 versum
686 1743 699 1767 ,
735 1721 884 1769 usque
914 1704 976 1752 ad
1016 1704 1105 1751 tria
1145 1713 1193 1751 et
1231 1715 1437 1769 quatuor
1463 1706 1680 1753 milliaria
1702 1706 1864 1771 patriae
1879 1743 1893 1768 ,

481 1782 729 1845 incendiis,
770 1781 976 1829 caedibus
997 1797 1052 1839 ac
1086 1781 1264 1846 rapinis
1300 1793 1527 1831 vastatam
1541 1821 1554 1845 ,
1583 1783 1800 1832 abrasam
1818 1783 1899 1831 de-

481 1869 747 1924 sertamque
770 1860 996 1908 fecerunt.

937 2056 1273 2103 CAPITULUM
1305 2058 1469 2103 XXVI.

483 2184 676 2226 Quomodo
693 2186 932 2233 Trajectenses
941 2186 1126 2222 dominum
1143 2189 1432 2236 Enghelbertum,
1446 2189 1588 2224 fratrem
1604 2188 1704 2224 ducis
1713 2188 1895 2232 Clivensis‚

530 2242 567 2276 in
595 2243 717 2290 patriae
739 2242 960 2279 defensorem
981 2243 1223 2290 adsciverunt3
1246 2252 1280 2281 et
1299 2244 1345 2280 de
1365 2245 1464 2281 clade
1484 2245 1762 2293 Trajectensium
1780 2245 1816 2280 in
1838 2244 1896 2280 die

530 2300 640 2334 sancti
657 2299 839 2347 Stephani,
863 2309 895 2335 et
915 2313 1039 2348 magna
1059 2300 1206 2337 civitatis
1222 2300 1449 2339 desolatione.
1646 2294 1652 2298 ⁴

551 2429 772 2477 Videntes
803 2447 948 2495 porro
996 2441 1202 2478 rectores
1234 2431 1433 2478 civitatis
1467 2448 1515 2478 se
1558 2448 1657 2478 non
1689 2432 1895 2496 potuisse

483 2508 709 2570 consequi
730 2524 919 2572 pacem,
957 2524 1102 2572 quam
1143 2507 1322 2555 habere
1362 2519 1664 2574 speraverant
1693 2519 1775 2557 aut
1795 2527 1896 2575 spe-

485 2600 608 2631 rasse
634 2583 866 2632 finxerant
887 2601 970 2632 seu
1009 2585 1366 2647 simulaverant,
1393 2602 1502 2633 cum
1541 2586 1661 2634 duce
1704 2590 1894 2637 Austriae

538 2723 574 2758 1.
607 2724 678 2759 Les
700 2719 801 2758 deux
822 2727 942 2758 textes
958 2721 1209 2759 introduisent
1222 2722 1269 2759 ici
1288 2735 1338 2759 un
1358 2732 1451 2759 esset
1470 2733 1549 2762 tout
1569 2726 1590 2762 ὰ
1610 2725 1676 2763 fait
1691 2725 1837 2766 inutile.
