2060 3392
707 324 854 362 LIBER
879 323 1079 366 Pmus.
1522 323 1602 360 255

186 417 342 465 nitmn
373 425 515 483 atque
546 413 940 477 redintegratum,
979 412 1138 477 ejectis
1173 427 1367 478 prorsus
1405 411 1604 475 Anglicis

186 502 287 542 tam
307 509 365 542 ex
386 491 680 540 Normannia
706 502 851 555 quam
884 489 1157 556 Aquitania,
1193 497 1428 553 quantum
1458 505 1488 536 a
1511 497 1603 535 tre-

185 569 338 618 centis
375 569 523 618 ferme
566 565 706 616 annis-
728 559 1013 627 exstitisset,
1052 564 1103 612 in
1126 578 1274 629 regno
1296 560 1477 612 nullam
1502 565 1604 628 jam

186 655 380 700 manere
405 642 782 695 inobedientiam
802 654 885 690 aut
910 641 1183 690 rebellionis
1202 659 1286 691 seu
1306 641 1605 690 discessionis

185 722 522 794 suspicionem.
568 723 689 769 Nam
712 734 817 787 quae
831 756 844 780 ,
888 720 1075 768 vivente
1111 729 1253 785 atque
1290 720 1340 767 in
1380 719 1605 768 humanis

184 809 352 867 agente
393 809 443 854 et
473 798 738 865 imperante
777 798 878 862 ejus
911 797 1147 862 genitore,
1188 795 1347 845 adhuc
1384 795 1534 844 foveri
1559 806 1606 845 et

185 874 358 926 minari
391 871 703 936 ¹videbantur,
742 884 792 922 et
832 873 1066 939 quidquid
1095 873 1285 921 latentis
1321 872 1421 921 odii
1462 883 1606 938 atque

183 950 476 1016 acerbitatis,
510 951 783 1002 diffidentiae
814 961 957 1016 atque
981 950 1285 1017 suspicionis,
1323 950 1601 1013 inimicitiae,

184 1027 540 1100 indignationis,
562 1031 875 1081 aemulationis
892 1048 973 1079 seu
997 1030 1266 1097 invidentiae
1283 1030 1407 1078 inter
1427 1030 1606 1094 regiam

185 1108 387 1162 domum
410 1122 458 1161 et
492 1111 722 1159 illustrem
758 1107 1154 1173 Burgundionum
1180 1107 1502 1174 principatum
1532 1122 1608 1156 su-

185 1199 371 1256 peresse
400 1187 560 1237 adhuc
582 1184 831 1236 videbatur
854 1185 1080 1252 (propter
1112 1202 1259 1250 quam
1293 1183 1607 1233 evincendam

185 1267 437 1316 necessitas
466 1264 685 1331 quaedam
717 1262 1069 1311 obtendebatur
1092 1272 1273 1311 tantam
1299 1262 1516 1310 militiam
1544 1260 1607 1310 ad

185 1341 421 1411 stipendia
453 1341 694 1390 ordinaria
728 1342 947 1406 retineri,
980 1347 1037 1387 et·
1059 1347 1132 1388 tot
1160 1337 1461 1404 magnatibus
1487 1338 1606 1387 infe-

186 1421 461 1488 riorumque
483 1421 716 1485 graduum
735 1419 1015 1467 hominibus
1038 1418 1291 1485 pensiones
1308 1418 1577 1466 continuari
1590 1456 1603 1482 ,

186 1497 253 1547 ob
271 1514 390 1564 quas
424 1496 765 1564 dependendas
798 1497 1032 1562 populum
1056 1496 1189 1560 regni
1221 1504 1320 1544 tam
1349 1494 1607 1560 grandibus

185 1572 474 1625 tributorum
520 1585 661 1640 atque
709 1574 1007 1639 vectigalium
1042 1573 1270 1622 oneribus
1310 1590 1609 1639 consequens

186 1648 290 1703 erat
305 1653 477 1702 durare
499 1654 742 1717 fatigatum
760 1662 806 1700 et
818 1650 1137 1717 oppressum),
1155 1652 1254 1716 jam
1272 1653 1435 1700 omnia
1453 1669 1606 1700 emor-

187 1741 293 1793 tua,
321 1742 369 1779 et
397 1749 498 1778 non
522 1731 669 1778 modo
703 1731 880 1794 sopita,
914 1729 998 1776 sed
1031 1746 1224 1794 prorsus
1259 1730 1487 1777 exstincta
1508 1747 1607 1778 esse

190 1808 557 1856 ostendebamus
577 1818 625 1855 et
647 1807 826 1871 absque
851 1807 948 1853 ulla
979 1807 1272 1853 haesitatione
1300 1806 1601 1871 putabamus.

145 1913 150 1922 ·
190 1885 308 1943 Quis
328 1885 456 1931 enim
478 1895 592 1932 tunc
615 1901 712 1931 non
731 1882 835 1947 jure
862 1883 1127 1947 meritoque
1152 1883 1426 1931 credidisset
1450 1885 1607 1949 ipsum

189 1961 485 2009 Ludovicum
504 1977 690 2013 summa
710 1959 944 2024 quadam,
971 1969 1200 2025 perpetua
1218 1970 1359 2024 atque
1379 1961 1605 2009 inexstin-

190 2038 354 2102 guibili
387 2040 578 2086 caritate
601 2049 648 2085 et
679 2038 1015 2085 benevolentia
1050 2037 1112 2085 ad
1142 2038 1370 2085 illustrem
1394 2042 1608 2103 Burgun-

189 2115 391 2164 dionum
420 2116 691 2182 principum
715 2116 916 2165 domum
939 2115 1215 2163 devinctum
1248 2115 1349 2164 sore
1376 2125 1423 2163 et
1452 2119 1607 2182 agglu-

189 2193 414 2256 tinatum,
450 2209 479 2242 a
503 2193 679 2259 quibus
698 2203 772 2241 tot
801 2194 1108 2242 humanitatis
1123 2232 1135 2256 ,
1171 2203 1244 2242 tot
1262 2193 1607 2245 benevolentia!

189 2274 331 2336 aulue
370 2271 693 2319 benefioentiae
736 2272 939 2336 pignora
977 2281 1271 2337 susceperat,
1321 2288 1432 2320 cum
1471 2283 1606 2322 tanto

191 2349 321 2397 exsul
343 2348 704 2414 quodammodo
727 2357 774 2396 et
796 2349 1025 2416 profugus
1042 2350 1104 2398 ab
1127 2351 1238 2416 ipsis
1261 2351 1422 2399 favore
1441 2367 1608 2419 excep·-

191 2433 290 2487 tus,
314 2430 443 2474 tanta
469 2426 763 2490 indulgentia
789 2427 890 2492 ipse
924 2436 971 2475 et
1001 2427 1102 2491 ejus
1132 2428 1343 2492 conjunx
1367 2443 1478 2477 cum
1506 2439 1607 2478 tota

194 2501 370 2550 familia
388 2503 526 2550 alitus
554 2513 602 2550 et
620 2504 865 2565 confotus,
892 2514 1023 2552 tanta
1043 2521 1155 2552 cum
1176 2506 1438 2554 reverentia
1466 2515 1607 2570 atque

194 2577 494 2627 observantia
522 2590 829 2629 conservatus
861 2591 1004 2646 atque
1024 2582 1324 2631 honoratus?
1348 2585 1454 2630 Non
1476 2584 1606 2631 enim

195 2655 329 2704 facile
367 2657 473 2720 quis
510 2666 624 2706 tunc
661 2660 925 2708 existimare
963 2662 1194 2725 potuisset
1226 2670 1300 2709 tot
1337 2661 1605 2708 officiorum

195 2743 336 2798 atque
356 2733 699 2783 beneficiorum
727 2737 777 2783 in
806 2754 1096 2803 quemquam
1125 2738 1444 2786 exhibitorum
1467 2755 1606 2804 posse

197 2811 295 2859 ullo
319 2827 531 2875 unquam
559 2820 771 2877 tempore
790 2813 997 2877 aliquem
1015 2813 1245 2862 oblivisci.
1266 2814 1384 2863 Nam
1402 2824 1450 2863 et
1473 2813 1603 2878 quod
