2060 3392
462 227 465 231 ’
535 242 584 278 82
898 240 1234 278 HISTORIARUM
1262 239 1495 278 Lunovlm
1523 241 1578 277 xl

538 329 889 390 vicinarumque
921 338 1151 381 terrarum
1186 327 1393 392 oppida;
1423 343 1628 392 quorum
1655 344 1841 377 summa
1865 345 1941 376 su·

532 421 617 470 per
659 421 736 452 mn
789 405 934 452 millia
978 404 1270 453 florenorum
1315 405 1568 455 ascendere
1618 404 1854 455 ferebatur
1892 405 1941 454 in

530 499 677 531 anno.

594 561 761 609 Statim
788 561 945 624 itaque
958 597 971 622 ,
1008 569 1062 609 ut
1094 559 1313 620 diximus,
1344 560 1574 608 exstincto
1597 560 1770 609 Carolo
1791 560 1936 617 duce,

530 637 664 700 cujus
702 637 900 684 viventis
943 646 1096 684 metus
1139 634 1337 684 infirmis
1387 646 1435 684 et
1485 636 1716 684 seditiosis
1771 638 1942 686 animis

529 714 892 777 Trajectensium
905 750 918 775 ,
941 723 1169 778 tanquam
1190 722 1317 761 tutor
1339 714 1545 780 pupillis,
1575 714 1701 762 utilis
1722 714 1858 763 valde
1885 731 1942 763 ac

529 793 815 840 necessarius
839 792 1096 850 exstiterat,
1126 792 1394 856 cogitarunt
1420 792 1688 857 pestilentes
1721 793 1941 852 nonnulli

523 885 732 933 quanam
750 870 826 918 via
860 886 960 918 sese
989 869 1255 918 subducere
1279 879 1473 935 possent
1498 868 1561 918 ab
1599 869 1872 919 obedientia
1893 880 1942 918 et

525 946 818 1011 subjectione
843 963 961 1011 quas
982 947 1043 995 ad
1078 947 1329 995 dominum
1366 963 1507 994 suum
1535 946 1764 995 hactenus
1805 947 1940 996 exhi-

522 1023 638 1071 bere
658 1035 705 1072 et
723 1023 974 1072 observare
997 1034 1356 1084 consueverant,
1383 1033 1451 1086 ut,
1476 1023 1706 1074 abdicatis
1727 1016 1812 1073 seu
1831 1041 1941 1091 pro·

523 1101 707 1166 scriptis
739 1101 822 1166 qui
859 1101 1155 1165 magistratus
1196 1110 1244 1148 et
1271 1099 1431 1149 officia
1457 1101 1654 1151 civitatis
1688 1102 1935 1167 gerebant,

524 1188 717 1243 possent
737 1179 827 1244 ipsi
848 1177 910 1226 ad
926 1178 1120 1228 eosdem
1131 1180 1428 1244 magistratus
1441 1181 1673 1243 gerendos
1694 1182 1936 1231 accedere.

524 1255 748 1304 Videntes
779 1266 938 1305 autem
965 1256 1061 1304 hoc
1089 1257 1179 1305 nisi
1201 1256 1291 1304 sub
1314 1256 1492 1305 ducatu
1513 1258 1712 1323 alicujus
1733 1260 1941 1324 potentis

523 1349 623 1381 non
641 1333 775 1382 facile
794 1335 1021 1399 consequi
1044 1351 1206 1400 posse,
1240 1335 1556 1383 accersierunt
1573 1335 1820 1401 praefatum
1856 1336 1940 1386 do-

526 1410 712 1458 minum
739 1410 800 1459 de
833 1411 1109 1459 Monteforti
1123 1449 1137 1474 ,
1171 1428 1317 1476 quem
1354 1429 1449 1460 suae
1487 1412 1704 1462 factionis
1740 1413 1939 1477 dignum

524 1489 612 1537 rati
627 1499 737 1537 sunt
767 1489 978 1538 futurum
999 1499 1337 1538 exsecutorem.
1365 1489 1621 1539 Ferebatur
1662 1491 1792 1539 enim
1827 1508 1938 1541 eum

525 1575 692 1614 contra
727 1565 981 1614 dominum
1019 1583 1158 1614 suum
1173 1604 1186 1629 ,
1232 1567 1510 1632 episcopum
1539 1568 1904 1631 Trajectensium
1921 1608 1934 1632 ,

519 1643 617 1707 jam
634 1643 749 1690 olim
762 1643 824 1691 ab
836 1653 945 1692 ante
958 1643 1188 1708 quasdam
1200 1644 1462 1692 exercuisse
1479 1645 1770 1697 simultates&
1795 1650 1938 1713 Prop-

523 1729 595 1767 ter
618 1720 750 1784 quod
765 1757 778 1782 ,
801 1737 851 1768 se
871 1730 1041 1786 praesto
1066 1719 1342 1769 adfuturum
1366 1721 1542 1770 auxilio
1579 1738 1748 1774 eorum
1784 1725 1867 1788 qui
1887 1741 1938 1775 se

524 1796 830 1845 accersebant
845 1834 858 1858 ,
910 1813 1011 1845 non
1066 1799 1298 1846 recusavit
1311 1834 1324 1858 ,
1375 1799 1458 1846 sed
1507 1800 1724 1864 protinus
1769 1817 1937 1851 eorum

523 1874 679 1938 paruit
694 1875 950 1935 voluntati3
975 1875 1352 1940 ingredientique
1374 1877 1630 1938 civitatem,
1648 1895 1756 1926 raro
1777 1880 1938 1928 admo-

524 1949 640 1997 dum
665 1951 860 2000 satellite
873 1989 886 2012 ,
923 1953 1080 2000 statim
1104 1970 1276 2017 magna
1311 1954 1453 2002 turba
1477 1954 1731 2004 hominum
1769 1974 1936 2006 eorum

524 2028 606 2090 qui
623 2044 697 2075 res
719 2045 868 2077 novas
888 2039 937 2077 et
954 2032 1117 2079 omnia
1132 2031 1314 2079 turbari
1336 2049 1523 2098 semper
1561 2044 1812 2099 exoptant,
1837 2036 1938 2101 ejus

524 2104 657 2151 lateri
675 2121 725 2152 se
743 2105 982 2170 adjunxit,
1004 2108 1071 2155 sic
1087 2108 1237 2173 quod,
1260 2109 1393 2156 nullo
1415 2111 1606 2173 negotio
1625 2110 1849 2177 nullaque
1878 2130 1934 2162 ex

524 2180 723 2228 adverso
753 2181 863 2230 data
900 2184 1149 2234 renitentia
1165 2223 1178 2248 ,
1218 2186 1345 2233 illico
1370 2187 1555 2235 civitate
1588 2188 1716 2235 velut
1735 2188 1936 2255 imperio

524 2265 593 2303 est
623 2259 828 2322 potitus,
864 2259 1034 2324 hisque
1055 2262 1132 2309 vel
1164 2263 1449 2328 profligatis,
1475 2265 1549 2311 vel
1586 2264 1776 2329 dejectis
1785 2268 1816 2328 ¹,
1853 2270 1934 2332 qui

523 2334 819 2397 magistratus
840 2346 979 2386 antea
1001 2350 1237 2401 gesserant
1253 2357 1311 2387 ex
1325 2341 1567 2389 voluntate
1586 2341 1841 2406 pontificis,
1863 2362 1935 2394 se—

522 2411 894 2477 cedentibusque
911 2432 937 2462 e
959 2416 1144 2464 civitate
1166 2417 1391 2465 omnibus
1412 2419 1599 2467 vicariis
1617 2430 1663 2467 et
1699 2421 1935 2472 officiariis

521 2490 758 2555 episcopi,
790 2491 907 2539 alios
932 2493 1231 2557 magistratus
1268 2511 1421 2543 novos
1444 2496 1540 2543 illic
1557 2513 1646 2562 pro
1671 2509 1785 2547 voto
1806 2501 1935 2549 insti-

523 2566 634 2626 tuit3
677 2567 925 2633 clavesque
966 2580 1213 2634 portarum
1251 2572 1450 2620 civitatis
1501 2573 1563 2622 ab
1606 2576 1692 2639 eis,
1726 2593 1933 2642 quorum

573 2673 591 2709 1
603 2700 612 2709 .
640 2671 674 2710 11
695 2671 798 2710 avait
818 2680 981 2712 soutenu
998 2673 1188 2714 l'election
1207 2675 1256 2715 de
1275 2676 1429 2716 Gisbert
1449 2677 1497 2716 de
1514 2679 1744 2720 Brederode.

570 2735 608 2772 2.
639 2737 702 2773 Sic
719 2734 920 2774 Matthaeus
937 2751 949 2785 ;
968 2738 1118 2775 amissis
1134 2738 1228 2777 dans
1246 2739 1281 2777 le
1301 2753 1372 2778 ms.
1394 2742 1589 2781 Peut-etre
1608 2748 1764 2784 omissis.
