2060 3392
446 257 523 295 296
1003 214 1286 298 Ammon,

452 345 528 392 his
552 344 658 408 qui,
692 343 752 390 de
786 341 965 390 eisdem
1000 335 1208 399 confisi,
1230 337 1293 385 ad
1326 339 1524 402 gratiam
1547 354 1684 386 suam
1723 349 1864 406 atque

453 421 774 470 obedientiam
791 419 1044 476 redierant,
1066 432 1232 482 poenas
1245 432 1492 481 reposcere
1509 415 1756 479 debuerat,
1777 431 1866 466 nec

449 518 478 549 a
513 517 563 548 se
597 498 894 547 condonatas
926 505 974 542 et
1008 511 1202 561 prorsus
1238 503 1476 560 perpetuae
1514 493 1772 558 oblivioni,
1814 506 1867 544 ut

451 575 788 644 promittebat,
815 571 1085 632 habendas,
1121 587 1445 637 quascumque
1473 570 1622 619 verbo
1643 572 1721 620 vel
1742 572 1867 622 facto

450 658 500 703 in
525 673 635 703 eum
658 653 885 702 admissas
906 650 1101 715 injurias
1130 650 1181 698 in
1204 650 1437 698 ultionem
1464 649 1703 699 adducere
1724 656 1868 718 atque

449 749 686 782 revocare.

514 814 741 858 Tacemus
781 807 952 855 referre
970 843 982 867 ,
1032 816 1288 872 antequam
1336 806 1665 872 hujuscemodi
1710 808 1871 868 civiles

450 888 746 935 emersissent
784 885 1121 945 dissensiones,
1158 884 1348 948 qualem
1387 884 1732 949 promissorum
1765 894 1812 932 et
1842 901 1871 933 a

451 982 500 1014 se
525 964 727 1013 solemni
755 972 1050 1011 sacramento
1073 962 1239 1027 saepius
1257 961 1555 1009 firmatorum
1581 962 1744 1024 fidem,
1770 979 1870 1010 non

451 1043 535 1089 uni
562 1040 864 1088 subditorum
894 1039 967 1087 vel
989 1039 1360 1104 provinciarum,
1389 1038 1472 1086 sed
1495 1038 1720 1086 omnibus
1749 1039 1873 1087 illius

453 1119 735 1167 nobilissimi
764 1118 898 1182 regni
921 1116 1122 1164 subditis
1143 1127 1190 1164 et
1211 1116 1409 1164 statibus
1439 1116 1730 1178 exhibuerit,
1755 1132 1875 1181 quo-

453 1198 601 1246 modo
624 1213 792 1245 eorum
812 1195 922 1260 jura
951 1205 1093 1260 atque
1110 1194 1350 1242 libertates
1372 1194 1742 1251 conservaverim
1770 1210 1874 1257 quae

454 1286 615 1324 tamen
651 1284 698 1322 et
724 1273 957 1321 universis
991 1283 1039 1320 et
1070 1273 1264 1337 singulis
1302 1282 1696 1320 conservaturum
1726 1287 1776 1318 se
1801 1286 1877 1318 so-

454 1353 599 1401 lemni
618 1353 901 1418 promiserat
920 1361 1217 1398 sacramento
1235 1389 1248 1413 ,
1275 1351 1554 1417 priusquam
1579 1367 1608 1398 a
1629 1362 1876 1415 quoquam

455 1431 804 1495 regnicolarum
834 1428 1114 1476 obedientiae
1139 1440 1221 1477 aut
1250 1429 1486 1477 fidelitatis
1509 1422 1877 1494 promissionem

457 1510 666 1574 aliquam
690 1507 985 1571 recepisset&
1013 1506 1128 1553 Inde
1157 1507 1286 1554 enim
1309 1507 1529 1553 omnium
1556 1505 1806 1589 turbarum
1831 1515 1878 1553 et

457 1587 667 1634 civilium
690 1585 1036 1632 discordiarum
1065 1585 1275 1632 manavit
1303 1586 1508 1632 occasiO.

525 1665 620 1712 Sed
649 1664 709 1711 de
738 1663 814 1710 his
834 1663 983 1723 latius
1001 1658 1226 1710 disserere
1252 1664 1327 1710 vel
1356 1662 1528 1710 referre
1559 1679 1659 1710 non
1691 1673 1760 1711 est
1780 1681 1879 1711 sus-

459 1743 584 1808 cepti
601 1743 652 1789 in
673 1741 1030 1807 praesentiarum
1053 1742 1238 1806 operis:
1262 1741 1392 1788 aliud
1412 1742 1542 1788 enim
1563 1742 1766 1807 propriae
1783 1742 1882 1789 edi-

459 1820 604 1868 tionis
624 1836 745 1884 opus
763 1820 991 1882 exigeret3
1013 1836 1181 1866 verum
1200 1818 1297 1866 hoc
1316 1835 1405 1884 pro
1421 1828 1557 1866 tanto
1578 1818 1882 1866 referendum

459 1898 510 1944 in
541 1897 637 1944 hoc
673 1913 817 1962 opere
847 1896 1240 1955 existimavimus,
1278 1906 1330 1942 ut
1363 1895 1650 1958 intelligatur
1671 1912 1762 1943 nos
1781 1913 1882 1943 non

462 1975 600 2037 regiae
623 1974 854 2037 majestati
883 1974 1065 2037 injuriae
1089 1973 1353 2038 quidquam
1382 1973 1565 2032 fecisse,
1596 1973 1673 2020 vel
1696 1974 1748 2020 in
1775 1989 1882 2020 eam

465 2051 616 2116 (quod
638 2051 779 2115 absit)
801 2051 1034 2099 ullatenus
1066 2051 1333 2115 deliquisse,
1363 2068 1445 2098 seu
1467 2067 1573 2098 eam
1589 2050 1774 2109 laesisse,
1799 2049 1881 2097 sed

461 2130 835 2195 proscriptionis,
865 2129 1040 2194 rapinae
1063 2139 1110 2176 et
1135 2129 1414 2216 direptionis
1431 2128 1675 2177 bonorum
1696 2136 1882 2174 nostro-

463 2224 571 2254 rum
601 2207 810 2271 aliasque
840 2206 1187 2271 quamplures
1175 2206 1369 2270 injurias
1402 2205 1703 2270 injustissime
1739 2210 1882 2297 atque

461 2285 785 2348 indignissime
803 2285 864 2332 31)
888 2301 946 2331 eo
969 2285 1229 2349 pertulisse.

516 2434 555 2471 1.
586 2432 713 2482 Voyez
729 2430 937 2477 ci-dessus,
958 2444 999 2482 p.
1021 2432 1114 2470 181.
