2060 3392
685 275 832 319 mm
860 276 1061 319 stxms.
1137 259 1139 262 ’
1532 280 1583 322 27

179 406 182 408 -
232 370 464 420 {lubebat
482 369 678 434 quidem
708 385 816 417 eam
839 377 1023 434 partem
1038 405 1052 430 ,
1095 383 1202 433 quae
1228 369 1371 432 vulgo
1413 371 1587 418 Civitas

166 440 466 516 appellatum,
503 445 616 506 sibi,
663 455 716 492 ut
740 445 1007 504 retulimus,
1049 445 1177 493 ultro
1209 445 1464 505 traditam3
1500 447 1583 495 sed

168 526 312 576 aliam
337 534 524 591 partem
535 525 569 583 ²,
605 537 711 587 quae
742 523 886 586 longe
924 523 1095 587 major,
1132 523 1413 588 populosior
1444 534 1586 589 atque

169 602 399 653 munitior
422 610 547 660 erat,
587 599 806 647 nondum
848 599 1075 648 habebat.
1115 601 1173 647 Et
1199 601 1335 647 initio
1359 600 1554 664 quidem
1569 639 1582 662 ,

169 685 282 730 affl
301 679 462 728 adhuc
480 687 692 743 speraret
712 677 894 724 dictum
912 679 1271 726 matrimonium
1282 715 1295 740 ,
1312 679 1445 743 juxta
1465 679 1585 727 desi·

169 757 358 806 durium
396 770 562 815 suum,
603 754 778 803 debere
810 755 997 821 perfici,
1036 756 1276 805 obtulerat
1312 757 1587 806 Atrebaten-

169 828 325 896 ffl,
361 844 463 882 tam
498 849 589 899 pro
621 850 672 881 se
702 850 847 898 quam
882 851 971 899 pro
999 835 1103 882 aliis
1139 832 1329 900 oppidis
1359 850 1417 882 ac
1454 835 1589 882 terris

170 902 422 963 comitans
459 907 670 973 Artesiae,
702 913 741 960 si
775 912 866 959 sibi
883 928 1049 978 parere
1080 913 1278 972 vellent,
1309 922 1588 960 contentum

170 1000 273 1051 eme
287 1002 470 1058 ponere
489 990 710 1038 custodes
740 989 959 1037 locorum
982 1007 1064 1037 seu
1103 991 1380 1055 capitaneos
1403 1000 1451 1038 et
1472 991 1590 1038 alios

171 1060 398 1118 offidaies
425 1084 516 1134 pro
549 1067 779 1131 regimine
812 1077 862 1114 et
895 1067 1275 1131 gubernamento
1315 1068 1505 1132 patriae3
1544 1078 1590 1116 et

170 1145 305 1212 quod
314 1154 576 1212 proventus
585 1144 811 1192 cederent
821 1145 928 1192 usui
943 1154 1086 1208 atque
1098 1145 1287 1192 utilitati
1298 1144 1454 1192 filiolae
1464 1158 1559 1193 suae
1572 1182 1586 1202 ‚

170 1225 240 1274 iffi
252 1224 390 1290 quod
401 1262 415 1286 ‚
440 1239 639 1271 munere
647 1223 804 1270 tutelae
820 1222 1035 1287 ejusdem
1056 1239 1150 1270 suae
1163 1222 1318 1270 filiolae
1332 1258 1345 1284 ,
1361 1233 1591 1288 tanquam

171 1301 399 1350 dominus
419 1301 637 1366 superior
652 1311 700 1348 et
715 1301 1125 1364 consanguinitate
1146 1301 1464 1366 propinquus,
1486 1300 1592 1348 fun-

172 1381 397 1444 geretur⁸.
445 1382 602 1438 Quam
645 1378 942 1428 oblationem
984 1395 1097 1426 cum
1138 1379 1227 1444 ipsi
1264 1378 1593 1426 Atrebatenses

172 1457 355 1523 absque
378 1458 579 1506 consilio
607 1467 655 1505 et
677 1473 872 1506 assensu
909 1473 1005 1505 suae
1033 1457 1322 1522 principissae
1346 1465 1592 1521 acceptare

171 1535 371 1584 minime
387 1546 750 1602 praesumerent,
772 1537 1012 1601 petierunt
1033 1551 1063 1583 a
1097 1551 1207 1598 rege
1231 1535 1529 1582 securitatem
1547 1544 1593 1581 et

172 1613 356 1681 salvum
375 1614 671 1662 conductum
684 1651 697 1675 ,
720 1624 774 1660 ut
803 1623 987 1661 certum
1009 1630 1265 1661 numerum
1283 1613 1459 1660 civium
1483 1630 1593 1660 suo-

93 1750 99 1756 ·
172 1707 281 1738 rum
299 1692 485 1740 mittere
505 1701 699 1757 possent
720 1692 1004 1740 Gandavum
1023 1693 1086 1741 ad
1098 1709 1233 1741 suam
1241 1692 1589 1758 principissam,

174 1768 238 1816 ad
259 1769 629 1834 exquirendum,
655 1771 694 1817 si
716 1770 895 1822 eisdem
916 1771 1157 1818 licentiam
1180 1780 1400 1835 praestare
1427 1769 1590 1828 vellet,

229 1906 279 1947 ¹.-
298 1904 510 1953 (xi-dossas,
530 1919 572 1958 p.
589 1907 629 1944 8.

228 1967 269 2007 2.
298 1969 355 2006 ῙΔ
379 1968 471 2007 ville
495 1977 747 2020 proprement
769 1967 867 2014 dite,
895 1968 1084 2006 territoire
1115 1967 1164 2005 de
1186 1968 1222 2005 la
1249 1978 1456 2006 commune
1479 1975 1518 2006 et
1547 1967 1595 2005 de

174 2027 353 2080 l’nbbaye
371 2029 420 2068 de
437 2030 693 2070 Saint-Vaast.
769 2075 778 2091 ι

229 2095 270 2131 3.
298 2095 397 2132 Tout
411 2094 494 2132 cela
511 2102 569 2133 est
588 2094 692 2147 plein
714 2093 1045 2133 d’inexactitudes.
1065 2097 1119 2132 Le
1139 2093 1198 2132 roi
1213 2122 1225 2142 ‚
1244 2093 1297 2132 du
1315 2101 1486 2132 moment
1501 2093 1595 2145 qu'il

176 2153 300 2194 s'etait
318 2155 434 2195 etabli
455 2157 550 2196 dans
573 2157 611 2196 la
637 2157 733 2205 cite,
752 2157 855 2196 avait
878 2157 946 2195 fait
972 2158 1080 2195 treve
1097 2169 1191 2195 avec
1207 2157 1263 2195 les
1281 2154 1475 2194 habitants
1492 2155 1542 2194 de
1560 2157 1595 2194 13

175 2217 264 2259 ville
291 2231 393 2272 pour
422 2221 478 2259 les
509 2234 667 2260 amener
689 2224 713 2259 a
735 2234 789 2260 un
819 2220 1188 2261 accommodement.
1224 2220 1319 2259 Mais
1351 2220 1407 2259 1ae
1435 2220 1595 2272 deputes

176 2281 270 2333 qu’il
287 2282 391 2321 avait
407 2285 578 2335 envoyes
599 2298 699 2336 pour
721 2284 916 2337 negocier,
938 2283 1134 2322 n'avaient
1150 2296 1204 2335 pu
1222 2282 1305 2322 rien
1322 2283 1418 2322 faire
1435 2284 1458 2321 a
1482 2294 1597 2321 cause

176 2343 296 2384 d’une
311 2345 463 2385 etneute
483 2347 550 2398 qui
573 2347 628 2385 les
649 2348 752 2386 avait
777 2347 903 2385 forces
922 2346 971 2385 de
995 2346 1085 2385 fuir.
1107 2350 1164 2385 La
1182 2347 1291 2384 treve
1313 2346 1419 2384 etant
1435 2357 1597 2398 rompue

179 2419 250 2460 ptr
276 2407 376 2447 suite
400 2408 451 2447 de
477 2417 578 2448 cette
595 2410 794 2458 violence,
819 2411 875 2448 les
897 2422 1044 2448 canons
1071 2409 1120 2455 de
1147 2409 1184 2448 la
1207 2408 1281 2448 cite
1306 2408 1462 2447 avaient
1487 2422 1596 2448 oom-

179 2470 314 2510 menoe
331 2472 354 2509 ὲ
372 2471 467 2510 tirer
483 2485 550 2511 sur
571 2473 608 2510 la
626 2473 732 2511 ville.
751 2473 932 2522 (Journal
950 2472 999 2511 de
1021 2472 1113 2511 dom
1131 2471 1280 2511 Gerard
1298 2470 1464 2518 Robert,
1485 2485 1524 2523 p.
1547 2473 1597 2509 12

179 2541 218 2572 et
240 2535 326 2582 13.)
351 2533 466 2574 Alors
492 2536 529 2574 la
551 2549 756 2576 commune
787 2554 805 2572 ι
830 2538 873 2575 fit
896 2550 949 2575 un
974 2535 1286 2588 appoinctement
1318 2548 1414 2573 avec
1445 2535 1482 2573 le
1509 2548 1595 2585 roy,

179 2608 251 2648 ptr
285 2596 336 2635 tel
363 2597 395 2636 si
424 2598 516 2649 qu'il
544 2600 671 2638 auroit
697 2600 736 2639 la
761 2601 1030 2640 souverainete
1059 2599 1110 2638 de
1138 2600 1177 2638 la
1202 2599 1292 2637 ville
1317 2599 1477 2650 jusques
1506 2599 1527 2635 a
1552 2610 1597 2635 ce

178 2670 255 2711 que
282 2655 569 2700 undennisene
589 2663 715 2702 aumit
743 2664 871 2717 releve
896 2664 984 2713 (fait
1011 2663 1235 2715 hommage)
1264 2674 1314 2701 en
1334 2674 1525 2714 personne
1546 2673 1597 2699 ou

180 2734 251 2774 ptr
279 2730 512 2774 pneumon
548 2734 587 2763 et
613 2738 665 2765 ne
689 2726 900 2766 souffriroit
931 2727 969 2766 le
995 2739 1067 2778 roy
1094 2726 1159 2777 d'y
1190 2725 1320 2764 {aissen-
1345 2732 1476 2763 entrer
1503 2735 1598 2774 gens

181 2782 386 2825 d’armesh
403 2787 506 2826 min
524 2790 668 2829 mee.
694 2807 710 2824 ι-
735 2790 920 2839 molinet,
937 2799 967 2829 ι.
987 2793 1026 2829 11
1042 2818 1053 2837 ,
1072 2789 1137 2829 ch.
1160 2803 1224 2828 xx..
