2060 3392
668 294 815 331 LIBER
837 295 1038 331 SEXTUS.
1517 298 1564 333 89

158 379 301 428 etiam
328 378 532 446 oppida,
561 389 703 445 prout
734 380 1059 445 unusquisque
1089 380 1181 428 sibi
1217 381 1364 445 magis
1386 398 1565 447 oppor-

158 467 330 506 tunum
346 458 651 519 existimavit,
676 473 777 504 sese
797 457 1083 505 effuderunt.

222 538 313 584 Iste
342 535 430 584 suit
464 534 692 583 infaustus
724 545 865 600 atque
889 536 1231 584 infelicissimus
1262 535 1363 584 dies
1390 537 1566 585 civitati

155 611 460 676 Trajectensi,
483 629 613 677 quae,
644 612 812 677 procul
846 612 1024 675 dubio,
1061 630 1089 661 e
1118 614 1313 678 vestigio
1334 630 1392 660 ex
1422 613 1565 661 liber-

157 697 251 736 tate
280 698 327 736 et
356 689 687 737 florentissimo
711 699 834 737 statu
850 727 862 751 ,
885 691 934 737 in
954 707 1096 754 quem
1112 729 1124 753 ,
1149 691 1233 738 diu
1254 707 1452 739 manens
1475 692 1564 739 sub

155 765 350 830 legitimi
381 767 581 831 pastoris
618 777 665 814 et
702 768 928 832 principis
966 769 1038 815 sui
1077 769 1278 833 imperio
1292 806 1305 829 ,
1341 780 1566 834 provecta

157 844 394 892 exstiterat
407 880 423 905 ,
457 843 548 891 suh
584 846 879 910 tyrannicam
907 856 1188 911 potestatem
1225 857 1271 894 et
1310 848 1568 896 infelicissi-

155 935 285 968 mam
311 920 580 970 servitutem
602 931 671 969 est
691 922 897 970 redacta.
927 923 1093 970 Paucis
1113 924 1242 970 enim
1269 934 1378 989 post
1397 923 1567 973 diebus

155 997 360 1060 effluxis,
381 1000 481 1066 ipse
498 999 721 1047 dominus
742 1000 802 1048 de
820 1000 1113 1062 Monteforti,
1132 1001 1215 1064 qui
1238 993 1400 1063 suam,
1419 1003 1567 1050 modo

84 1082 91 1089 '
155 1091 254 1141 quo
297 1075 596 1142 praediximus
610 1115 622 1139 ,
662 1077 984 1126 vindicaverat
1025 1088 1304 1144 potestatem
1318 1117 1330 1141 ,
1370 1089 1424 1127 ut
1459 1097 1566 1128 eam

156 1169 320 1204 manu
352 1155 543 1203 militari
585 1154 815 1216 firmaret,
861 1156 1012 1203 sciens
1047 1156 1295 1204 molimina
1331 1173 1417 1204 sua
1466 1174 1564 1204 non

155 1231 303 1280 modo
324 1233 530 1298 expulsis
557 1232 741 1280 civibus
756 1270 769 1295 ,
791 1233 956 1280 verum
978 1243 1026 1281 et
1047 1234 1262 1299 plurimis
1283 1250 1339 1281 ex
1360 1235 1434 1282 his
1447 1272 1460 1296 ,
1484 1237 1567 1300 qui

155 1310 282 1359 intus
312 1321 658 1372 remanserant,
685 1310 990 1360 vehementer
1014 1311 1283 1376 displicere,
1325 1313 1567 1360 accersivit

154 1394 298 1449 atque
323 1386 501 1433 invexit
533 1386 584 1433 in
620 1386 857 1434 civitatem
893 1402 1116 1449 magnam
1149 1386 1431 1451 praedonum
1464 1403 1566 1434 ma-

154 1481 296 1526 num,
335 1480 457 1529 quos
498 1466 744 1513 Teutonici
789 1464 1008 1512 rutheros
1047 1465 1288 1530 appellant
1301 1502 1314 1526 ,
1358 1481 1567 1530 quorum

154 1551 284 1591 metu
304 1552 447 1607 atque
467 1543 611 1590 armis
631 1543 802 1591 misera
818 1542 981 1590 civitas
1003 1558 1228 1608 oppressa
1250 1542 1479 1607 respirare
1515 1543 1566 1590 in

153 1619 373 1675 amissam
406 1619 671 1668 libertatem
706 1635 806 1667 non
842 1618 1055 1668 auderet.
1091 1619 1317 1666 Miserum
1349 1619 1565 1684 profecto

153 1706 255 1746 erat
285 1707 389 1746 tum
419 1698 581 1746 videre
616 1697 938 1764 spectaculum
968 1714 979 1743 ε
1003 1697 1241 1744 civitatem
1277 1697 1423 1762 paulo
1455 1708 1566 1746 ante

154 1774 387 1840 insignem
410 1786 458 1824 et
484 1776 660 1823 civium
686 1770 1046 1823 honorabilium
1068 1773 1372 1821 multitudine
1398 1775 1566 1840 copio-

154 1865 256 1899 sam
265 1888 280 1914 ,
297 1851 579 1918 praedonum
594 1862 643 1900 et
652 1852 987 1900 vilissimorum
1003 1851 1379 1898 latrunculorum
1394 1867 1566 1915 magna

154 1936 270 1975 tunc
293 1929 629 1977 numerositate
663 1929 881 1976 refertam
909 1938 1052 1993 atque
1085 1928 1354 1993 oppletam;
1391 1928 1475 1976 sed
1504 1929 1565 1976 ad

154 2005 393 2053 silentium
414 2006 540 2054 cives
564 2006 761 2054 miseros
794 2005 1015 2069 adigebat
1042 2015 1211 2052 metus.
1247 2009 1284 2052 E
1305 2005 1479 2069 quibus
1501 2016 1567 2054 ta-

154 2098 292 2143 men,
320 2099 377 2130 ex
409 2082 596 2148 plebeia
616 2082 781 2144 turba,
809 2083 1001 2147 plurimi
1027 2093 1162 2131 erant
1187 2082 1362 2148 quibus
1382 2099 1439 2131 ea
1459 2099 1565 2149 per-

154 2158 363 2208 turbatio
386 2170 517 2224 grata
544 2170 645 2207 erat
662 2196 675 2220 ,
709 2161 777 2208 eis
796 2161 1032 2226 praecipue
1053 2161 1136 2225 qui
1156 2161 1206 2207 in
1227 2178 1367 2208 suum
1389 2163 1568 2227 episco-

155 2253 270 2302 pum
302 2237 416 2284 odio
446 2237 691 2286 acerbiore
722 2238 994 2286 ferebantur
1007 2274 1020 2298 ,
1059 2239 1142 2302 qui
1171 2239 1323 2286 metiri
1360 2249 1406 2286 et
1431 2256 1567 2304 aequa

154 2313 287 2370 lance
319 2315 527 2380 pendere
561 2315 859 2376 nesciebant,
892 2317 946 2377 ,in
976 2326 1156 2380 quanta
1189 2316 1313 2364 mala
1341 2326 1389 2363 et
1420 2333 1563 2381 quam

155 2393 470 2442 miserabilem
486 2395 759 2442 servitutem
782 2411 839 2443 ex
863 2396 1022 2460 priore
1043 2395 1258 2443 libertate
1282 2405 1329 2442 et
1349 2395 1566 2442 omnium

156 2486 310 2519 rerum
338 2471 582 2536 opulentia
595 2509 608 2533 ,
637 2488 782 2536 quam
808 2489 895 2519 suo
917 2482 1135 2537 parentes
1156 2471 1356 2519 domino
1384 2470 1565 2518 habue-

155 2557 285 2610 rant,
309 2548 599 2596 recidissent.
635 2548 772 2597 Unde
803 2548 1055 2597 indiscreta
1080 2550 1246 2597 talium
1273 2548 1435 2614 turba,
1461 2549 1565 2611 qui·

154 2622 245 2672 bus
270 2634 318 2672 et
341 2625 508 2674 odium
530 2626 713 2674 domini
745 2627 846 2686 sui,
870 2637 918 2674 et
949 2625 1193 2674 hebetudo
1230 2626 1402 2674 mentis
1431 2625 1569 2672 ratio-

154 2702 227 2750 nis
238 2712 417 2751 rectum
434 2704 666 2767 judicium
685 2705 874 2770 penitus
890 2704 1223 2752 obtundebant
1236 2741 1249 2765 ,
1276 2705 1323 2751 in
1343 2702 1565 2751 eumdem

154 2780 385 2844 optimum
408 2791 645 2846 pastorem
676 2798 814 2829 suum
847 2784 1009 2830 omnia
1033 2783 1211 2848 probra
1236 2792 1282 2829 et
1315 2780 1567 2851 maledicta
