2060 3392
713 337 857 375 LIBER
882 335 1082 374 PRIMUS.
1524 334 1604 371 249

192 428 329 492 reBat
341 440 565 497 praeterea
585 443 653 485 se,
671 435 925 493 postquam
943 424 1076 487 regni
1096 433 1143 471 et
1163 432 1397 470 terrarum
1414 438 1606 469 suarum

193 509 365 557 limites
395 507 554 555 fuisset
587 505 843 567 ingressus,
868 502 1021 562 illico,
1047 500 1238 548 nemine
1260 499 1405 546 etiam
1424 498 1548 546 sihi
1536 516 1607 545 m-

194 586 406 656 dicante,
435 592 678 650 patentem
699 579 1091 643 manifestamque
1125 577 1439 625 differentiam
1475 586 1610 623 nota·

192 662 316 712 viss‘e
344 671 577 710 terrarum
604 660 755 724 regni,
787 674 905 723 quas
934 654 1303 720 ingrediebatur,
1334 664 1382 702 et
1410 654 1610 709 aliarum

194 738 285 809 ψ
305 738 487 787 ditione
508 737 643 784 ducis
662 734 960 800 Burgundiae,
985 749 1012 780 e
1036 732 1211 798 quibus
1232 731 1408 792 exibat,
1432 732 1612 778 consis-

193 815 410 865 fontium.
451 818 571 863 Nam
606 831 769 879 agros,
799 812 883 860 ubi
907 812 1082 877 pedem
1103 812 1153 857 in
1187 826 1336 873 regno
1362 819 1608 874 posuerat,

194 881 375 958 ubique
404 893 550 941 ferme
577 893 869 958 squalentes,
905 889 1133 950 incultos,
1170 887 1302 934 rubis
1324 897 1370 933 et
1403 885 1614 934 sentibus

194 978 338 1044 atque
360 969 563 1018 dumetis
589 970 808 1036 oppletos
828 969 1098 1026 invenerat,
1121 966 1238 1012 raris
1267 974 1315 1012 et
1338 963 1515 1027 exiguis
1532 979 1614 1010 co-

194 1049 320 1118 louis
338 1047 652 1110 inhabitatos‚
678 1048 808 1112 ipsos
833 1046 974 1093 etiam
991 1059 1217 1108 agrorum
1234 1043 1438 1090 cultores
1459 1041 1616 1089 nudos

195 1142 330 1198 poene
351 1135 433 1174 aut
454 1126 737 1190 tegumentis
757 1123 931 1171 vilibus
956 1133 1097 1187 atque
1125 1122 1338 1169 laceratis
1359 1121 1515 1167 vultus
1542 1137 1619 1183 ge-

195 1207 301 1251 rene
320 1219 580 1267 exsangues
613 1213 660 1250 et
689 1202 994 1261 macilentos,
1031 1200 1115 1263 qui
1148 1197 1425 1246 miserandae
1448 1214 1618 1245 eorum

197 1281 371 1347 inopiae
403 1291 451 1328 et
482 1276 749 1346 paupertati
779 1280 1039 1343 unicuique
1069 1277 1264 1325 eosdem
1297 1277 1499 1323 intuenti
1528 1293 1617 1322 no-

199 1359 320 1406 torie
350 1367 716 1417 attestarentur3
757 1357 977 1404 villarum
1008 1371 1124 1402 vero
1157 1364 1299 1418 atque
1325 1354 1499 1400 aedium
1522 1362 1618 1401 tam

198 1435 478 1483 rusticarum
500 1452 646 1500 quam
666 1434 961 1482 urbanarum
985 1432 1174 1496 ubique-
1184 1432 1386 1479 inveniri
1408 1432 1621 1494 ingentes

197 1513 380 1576 ruinas,
406 1514 625 1563 materias
646 1513 826 1560 dirutas
846 1520 895 1558 et
926 1511 1107 1574 majore
1123 1526 1181 1556 ex
1202 1519 1337 1574 parte
1361 1509 1461 1571 sine
1482 1503 1621 1555 habi-

198 1600 379 1652 tatore3
417 1607 522 1655 quae
543 1606 659 1638 vero
692 1589 987 1649 incolantur,
1011 1596 1111 1635 tam
1146 1587 1316 1634 misere
1342 1587 1618 1647 instructaS,

197 1677 298 1723 tam
319 1668 401 1716 vili
421 1678 469 1716 et
482 1684 590 1716 rara
606 1665 927 1732 suppellectile
943 1674 1158 1724 ornatas,
1183 1673 1237 1710 ut
1258 1663 1377 1710 nihil
1401 1663 1531 1711 aliud
1554 1664 1621 1711 fa-

200 1746 296 1794 cies
316 1762 565 1810 agrorum,
590 1745 848 1792 hominum
876 1752 1019 1806 atque
1054 1742 1274 1788 villarum
1305 1756 1453 1803 quam
1476 1750 1623 1787 extre-

202 1839 333 1871 mam
360 1823 662 1888 pauperiem,
701 1821 1017 1884 dejectionem
1048 1829 1190 1882 atque
1215 1819 1487 1866 servitutem
1510 1834 1624 1883 prae-

202 1887 397 1948 tendere
425 1900 709 1957 videantur,
745 1914 772 1944 e
802 1897 991 1944 diverso
1013 1912 1159 1957 vero,
1188 1896 1239 1942 in
1266 1895 1402 1942 terris
1430 1894 1624 1942 ditionis

206 1976 514 2040 Burgundiae,
525 1975 689 2023 unde
676 1991 775 2040 lpse
794 1973 1039 2035 veniebat,
1062 1973 1225 2020 omnia
1246 1971 1432 2029 florere,
1460 1973 1623 2019 omnia

203 2054 333 2101 velut
361 2054 608 2119 splendere
636 2062 777 2116 atque
803 2051 1012 2098 eminere
1032 2051 1173 2098 liceat
1194 2049 1389 2097 cuilibet
1417 2049 1618 2096 intueri:

205 2129 415 2177 civitates
436 2138 578 2191 atque
612 2126 791 2192 oppida
818 2125 1196 2190 frequentissima
1231 2134 1278 2172 et
1297 2140 1447 2189 prope
1470 2125 1624 2171 conti—

205 2222 319 2268 nua,
340 2206 631 2271 populorum
651 2203 972 2264 multitudine,
987 2203 1298 2251 aedificiorum
1318 2200 1624 2265 magnificen-

208 2285 271 2332 tia
306 2295 354 2332 et
386 2285 625 2332 variarum
663 2299 813 2348 opum
850 2291 993 2346 atque
1030 2281 1164 2328 omni
1200 2296 1370 2343 genere
1410 2280 1624 2345 pretiosae

208 2362 540 2426 suppellectilis
572 2360 899 2417 refertissima3
942 2360 991 2406 in
1030 2359 1153 2421 agris
1183 2374 1299 2405 vero
1337 2359 1462 2405 etin
1505 2359 1626 2406 villis

210 2438 326 2484 nihil
360 2428 598 2485 desertum
614 2474 626 2496 ‚
662 2437 783 2484 nihil
812 2436 978 2484 inutile
1017 2446 1100 2483 aut
1136 2435 1357 2499 squalens
1388 2436 1622 2494 inveniri,

211 2515 295 2562 sed
316 2517 479 2564 omnia
512 2516 605 2563 illic
636 2517 797 2576 culta,
823 2516 986 2562 omnia
1018 2525 1118 2562 sata
1150 2515 1222 2561 vel
1250 2514 1311 2561 ad
1348 2515 1625 2562 animalium

213 2607 387 2656 pascua
412 2593 587 2640 utiliter
607 2592 839 2640 destinata
862 2591 1012 2639 videri
1037 2602 1082 2640 et
1103 2591 1302 2650 haberi3
1328 2591 1507 2638 nullam
1532 2591 1625 2637 illic

213 2669 385 2716 intueri
405 2671 615 2731 ruinam,
651 2670 831 2718 nullam
864 2670 1118 2718 maceriem
1156 2686 1356 2717 vacuam
1381 2679 1462 2717 aut
1493 2669 1625 2715 diru-

215 2757 312 2794 tam
329 2783 341 2805 ‚
366 2746 448 2815 sed
465 2749 626 2795 omnia
644 2748 827 2795 colonis
845 2758 927 2794 aut
941 2747 1288 2796 habitatoribus
1306 2764 1405 2795 esse
1426 2747 1622 2811 repleta3

215 2824 420 2891 populos
435 2840 549 2872 vero
568 2834 666 2874 tam
684 2824 941 2891 inoppidis
962 2842 1108 2890 quam
1128 2826 1175 2873 in
1196 2826 1339 2889 agris»,
1362 2835 1460 2873 tam
1477 2824 1624 2884 culte,
