2060 3392
555 242 627 279 εει.
913 244 1257 281 msromARuM
1284 231 1522 283 mnovlc1
1550 246 1606 284 xi

967 420 1309 467 CAPITULUM
1354 423 1500 468 XXXI
1505 423 1540 468 1.

548 556 601 590 De
619 556 773 590 censuris
787 555 989 602 apostolicis
1007 564 1042 590 et
1056 555 1252 592 interdictis
1267 557 1304 591 in
1319 558 1464 592 rebelles
1479 557 1720 605 Trajectenses
1736 565 1770 593 et
1784 567 1876 594 cena
1889 559 1966 595 loca

593 616 834 664 promulgatis,
851 628 938 663 quas
954 628 1026 650 non
1051 616 1230 652 observari
1251 631 1271 653 a
1296 619 1402 661 clero,
1420 617 1481 654 sed
1499 619 1677 654 contemni
1693 630 1836 667 coegere
1857 617 1964 654 iidem

591 672 736 707 rebelles
753 673 778 706 ¹.

605 787 768 833 Mense
801 796 961 834 autem
995 798 1220 852 augusto,
1261 805 1391 836 anno
1421 805 1734 837 MCCGCLxxxn
1766 788 1962 853 allatum

547 873 615 911 est
659 865 972 929 apostolicum
1013 866 1352 927 monitorium,
1399 877 1687 932 procurante
1733 866 1961 933 episcopo

540 941 847 1005 Trajectensi,
876 958 974 1006 quo
998 943 1320 992 monebantur
1355 944 1509 992 dictus
1544 943 1888 1008 Enghelbertus
1915 955 1963 992 et

540 1018 711 1081 singuli
739 1018 799 1066 de
835 1019 1086 1067 consulatu
1122 1021 1322 1068 civitatis
1355 1021 1663 1086 Trajectensis
1678 1058 1692 1082 ,
1727 1016 1961 1085 quatenus

539 1092 670 1142 bona
688 1095 913 1161 episcopo
936 1097 1222 1161 spectantia,
1250 1114 1354 1162 quae
1373 1108 1540 1145 contra
1556 1098 1633 1161 jus
1659 1107 1707 1144 et
1729 1096 1800 1145 fas
1821 1113 1962 1145 occu-

538 1183 733 1237 parant,
769 1173 925 1222 eidem
951 1174 1179 1240 episcopo
1199 1175 1497 1222 restituerent
1517 1185 1565 1222 et
1594 1173 1955 1234 contraderent,

538 1251 704 1314 eique,
738 1261 970 1316 tanquam
993 1252 1194 1300 domino
1221 1262 1269 1300 et
1289 1253 1468 1318 pastori
1494 1269 1606 1313 suo,
1631 1261 1880 1317 parerent,
1911 1262 1959 1300 et

537 1329 662 1376 cives
683 1329 875 1394 locique
905 1330 1077 1378 accolae
1099 1330 1311 1378 similiter
1337 1349 1347 1377 :
1375 1330 1613 1395 alioquin,
1649 1329 1793 1395 lapsis
1820 1329 1958 1377 certis

536 1405 728 1466 diebus,
761 1409 845 1470 qui
881 1408 1135 1455 monitioni
1166 1424 1333 1473 parere
1367 1407 1730 1468 detrectassent,
1769 1421 1958 1453 excom-

535 1483 849 1531 municationi
888 1494 935 1531 et
962 1484 1252 1533 anathemati
1284 1484 1629 1532 subdebantur.
1666 1485 1825 1542 Quam
1846 1499 1958 1531 cen·

535 1576 695 1608 suram
716 1561 755 1608 si
776 1578 861 1626 per
882 1571 976 1608 tres
996 1562 1306 1627 postmodum
1325 1563 1425 1610 dies
1448 1561 1752 1627 pertinaciter
1770 1571 1818 1609 et
1838 1577 1955 1608 con-

535 1638 784 1702 tumaciter
830 1640 1140 1699 sustinerent,
1185 1655 1240 1686 ex
1284 1649 1398 1687 tunc
1432 1640 1596 1687 civitas
1635 1638 1952 1686 ecclesiastico

533 1715 895 1780 supponebatur
925 1716 1177 1764 interdicto
1201 1726 1248 1764 et
1265 1717 1477 1764 similiter
1504 1716 1740 1781 oppidum
1766 1717 1953 1762 Amers-

533 1791 695 1840 fordiae
711 1794 741 1840 ².
993 1837 1000 1842 .

596 1872 718 1919 Huic
752 1872 946 1938 quidem
987 1873 1243 1920 monitioni
1279 1874 1416 1920 initio
1454 1871 1822 1936 Enghelbertus‚
1862 1871 1952 1920 nisi

530 1949 806 2013 iniquorum
828 1950 985 1998 fuisset
1004 1950 1287 2015 depravatus
1299 1950 1517 2009 consilio,
1533 1947 1883 2015 protestabatur
1902 1966 1950 1996 se

531 2025 809 2074 obedienter
842 2044 1008 2093 parere
1029 2029 1175 2088 velle,
1204 2038 1251 2076 et
1292 2027 1560 2093 episcopale
1591 2026 1820 2092 palatium
1845 2041 1951 2072 eva-

530 2121 671 2152 cuare
697 2106 839 2165 velle,
871 2116 1168 2170 omnemque
1191 2106 1404 2169 ejusdem
1431 2104 1770 2170 supellectilem
1797 2101 1949 2168 probe

529 2183 869 2243 restituturum,
892 2193 954 2243 et,
976 2184 1014 2230 si
1034 2183 1150 2247 quid
1169 2183 1280 2230 inde
1295 2182 1368 2230 vel
1384 2182 1640 2247 perditum,
1655 2180 1730 2228 vel
1749 2180 1949 2227 deterio-

528 2270 684 2307 ratum
702 2260 844 2320 foret,
870 2261 1035 2307 omnia
1051 2259 1209 2308 debite
1231 2270 1278 2307 et
1299 2259 1586 2307 sufficienter
1598 2258 1942 2323 suppleturum.

528 2337 621 2384 Sed
654 2354 765 2384 cum
787 2338 837 2385 id
870 2338 1079 2403 primum
1114 2338 1347 2385 facturum
1378 2347 1425 2384 et
1464 2336 1771 2402 impleturum
1790 2335 1949 2383 suisset

527 2413 784 2479 pollicitus,
809 2414 922 2462 dolo
941 2414 1085 2479 paulo
1109 2424 1215 2478 post
1231 2410 1414 2460 Inimici
1438 2413 1648 2461 hominis
1668 2412 1948 2476 impiorum-

581 2573 595 2608 1
611 2601 618 2608 .
649 2570 827 2622 Chapitre
841 2569 971 2623 public
989 2570 1084 2608 dans
1101 2571 1156 2607 les
1170 2572 1355 2607 Analecta
1374 2569 1421 2607 de
1441 2568 1640 2606 Matthaeus
1659 2575 1698 2605 et
1714 2566 1809 2605 dans
1826 2566 1945 2604 l'Am-

519 2635 697 2689 plissima
713 2635 892 2671 collectio.

579 2697 618 2733 2.
650 2698 703 2733 Le
738 2703 841 2734 texte
876 2695 924 2733 de
959 2703 1058 2733 cette
1087 2694 1191 2732 bullc
1228 2704 1284 2732 est
1322 2694 1416 2732 dans
1453 2692 1647 2731 l'flistoire
1678 2692 1745 2730 des
1778 2692 1943 2741 eveques

526 2757 723 2796 d'Utrecht
742 2757 790 2795 de
811 2757 1027 2796 Guillaume
1051 2757 1156 2794 Heda
1171 2785 1181 2803 ‚
1205 2770 1243 2808 p.
1268 2758 1343 2794 297
1371 2756 1417 2793 de
1445 2755 1615 2794 l'edition
1644 2754 1692 2792 de
1723 2752 1938 2793 Buchelius.
