2060 3392
641 282 787 318 LIBER
813 282 1087 320 SECUNDUS.
1499 283 1575 320 359

221 368 643 429 Quemadmodum
684 385 799 419 sane
844 369 1113 418 honoribus
1152 377 1236 417 aut
1272 367 1580 433 dignitatibus

156 447 402 514 fungendo
421 447 478 498 'et
510 450 748 516 potiundo
779 467 882 498 non
904 450 1199 499 extolluntur
1228 466 1319 498 nec
1350 448 1581 498 inflantur

155 526 295 590 boni,
335 527 422 576 sed
453 527 550 577 hoc
583 528 740 576 solum
770 529 822 576 in
853 527 1131 591 hujusmodi
1156 527 1467 594 provectione
1495 545 1582 577 sua

155 614 343 664 amant,
375 604 508 670 quod
544 606 671 655 nacti
704 622 805 653 esse
842 605 1063 653 videntur
1095 606 1397 654 occasionem
1437 615 1581 671 atque

155 683 404 732 materiam
426 699 523 748 qua
544 682 762 749 pluribus
792 683 1018 749 prodesse
1044 684 1230 750 possint
1248 682 1582 749 malorumque

154 758 387 826 improbis
410 776 469 808 ac
490 759 708 808 nefandis
727 759 955 809 obsistere
977 760 1253 823 conatibus,
1278 761 1345 809 ita
1366 762 1582 827 profecto

154 852 246 885 nec
272 853 443 885 eorum
477 838 737 895 amissione.
767 848 852 886 aut
885 839 1152 905 dejectione
1190 839 1475 903 franguntur
1508 840 1583 888 vel

154 915 454 975 cruciantur;
480 914 565 963 sed
592 932 705 963 cum
734 915 903 980 dejecti
931 918 1008 965 vel
1032 917 1256 983 perfracti
1290 934 1392 966 esse
1413 927 1586 983 putan-

154 1002 251 1053 tur,
274 993 587 1042 nihilominus
610 993 775 1042 invicti
798 1005 1013 1043 manent.
1047 999 1109 1043 Ut
1135 996 1267 1043 enim
1296 996 1586 1059 Augustinus

153 1071 311 1137 inquit
325 1072 378 1120 in
394 1071 520 1120 libro
541 1075 611 1121 De
632 1089 746 1121 vera
763 1073 992 1138 religione
1005 1111 1018 1135 ,
1047 1093 1071 1119 «
1097 1073 1182 1138 qui
1203 1073 1254 1120 id
1277 1073 1434 1120 solum
1455 1084 1586 1122 amat

154 1149 288 1214 quod
301 1150 482 1198 amanti
498 1150 617 1216 eripi
629 1167 730 1198 non
747 1160 921 1217 potest,
934 1151 1014 1199 ille
1031 1149 1360 1198 indubitanter
1379 1150 1585 1200 invictus

154 1237 242 1277 est.
261 1246 286 1274 n
303 1227 501 1294 Sqiiens
517 1238 696 1290 autem,
716 1230 801 1294 qui
816 1238 865 1277 et
880 1246 983 1277 non
999 1229 1091 1277 nisi
1104 1227 1266 1276 bonus
1283 1245 1384 1277 esse
1404 1238 1579 1295 potest,

153 1314 339 1355 oertum
362 1315 434 1353 est
460 1306 595 1370 quod
616 1307 690 1354 nil
713 1307 846 1355 aliud
866 1316 996 1355 amat
1017 1307 1111 1355 nisi
1134 1324 1379 1355 summum
1403 1317 1452 1356 et
1478 1323 1585 1373 per-

154 1380 332 1430 seomm
353 1381 565 1444 bonum,
589 1383 666 1431 vel
694 1384 787 1431 nisi
813 1394 1010 1450 propter
1034 1385 1195 1450 ipsum
1216 1383 1350 1448 quod
1374 1385 1494 1450 eripi
1517 1384 1582 1432 ab

152 1474 215 1507 eo
250 1459 523 1509 nullatenus
554 1470 726 1526 potest.
769 1464 1094 1526 Quaecumque
1127 1461 1272 1525 igitur
1299 1461 1583 1528 temporalia

151 1534 242 1584 ista
269 1536 471 1597 amittat,
502 1554 607 1602 quae
630 1538 774 1602 vulgo
793 1554 1024 1605 prospera
1051 1538 1292 1599 dicuntur,
1325 1556 1438 1587 cum
1462 1538 1582 1587 illud

151 1613 311 1663 solum
331 1615 465 1680 quod
485 1626 642 1676 amat,
674 1634 918 1665 summum
943 1627 992 1666 et
1018 1618 1464 1666 excellentissimum
1490 1617 1582 1665 bo·

153 1707 273 1742 num
292 1709 395 1740 non
416 1694 618 1754 amittat,
643 1695 813 1760 procul
831 1694 1001 1757 dubio,
1026 1695 1170 1743 etiam
1183 1695 1582 1760 quantiscumque

153 1769 541 1821 tribulationibus
578 1782 662 1821 aut
697 1772 1109 1838 persecutionibus
1145 1773 1397 1821 afflictetus
1437 1782 1581 1837 atque

153 1848 374 1912 agitetur,
401 1867 507 1915 quae
539 1866 615 1900 res
641 1849 849 1898 adversae
873 1860 1119 1916 putantur,
1154 1866 1343 1916 semper
1377 1849 1582 1898 invictus

155 1935 345 1989 manet,

335 2034 655 2094 Fortunamque
678 2046 802 2079 tuens
823 2047 1049 2096 utramque
1068 2046 1228 2086 rectus,

156 2152 210 2190 ut
224 2133 425 2209 pulchre
449 2143 674 2192 Boethius
693 2144 865 2194 cecinit
877 2183 891 2207 ‚

334 2257 543 2301 Invictum
564 2258 705 2317 potuit
724 2268 871 2302 tenere
891 2258 1082 2311 vultum3

156 2386 343 2425 tantum
381 2377 512 2426 enim
554 2377 762 2426 tristatur
799 2378 1000 2443 quisque
1043 2387 1091 2426 et
1132 2394 1234 2425 non
1277 2376 1481 2443 amplius
1522 2376 1583 2424 de

156 2455 372 2505 absentia
418 2466 467 2504 et
508 2456 718 2505 carentia
761 2456 885 2521 ejm,
928 2456 1062 2522 quod
1103 2456 1298 2516 amittit,
1349 2463 1582 2520 quantum

156 2533 331 2599 ipsum,
358 2550 470 2582 cum
486 2533 688 2583 haberet
709 2545 757 2582 et
783 2534 1063 2600 possideret,
1090 2533 1347 2582 adamavit.

225 2610 275 2657 Si
296 2611 437 2674 igitur
455 2612 526 2658 vir
546 2610 723 2672 bonus,
743 2612 825 2677 qui
845 2612 974 2660 solus
995 2621 1041 2659 et
1067 2612 1272 2678 sapiens,
1294 2609 1355 2658 ad
1373 2610 1585 2656 honores

158 2698 204 2735 et
242 2687 423 2751 fastigia
467 2689 663 2737 istarum
703 2689 1040 2755 temporalium
1083 2687 1550 2737 administrationum
1569 2721 1581 2743 ,

159 2763 302 2811 etiam
326 2780 438 2812 cum
461 2765 529 2813 eis
550 2765 727 2813 utiliter
748 2766 963 2828 inservit,
987 2782 1088 2814 non
1105 2764 1310 2814 afficitur
1331 2780 1417 2830 per
1439 2778 1583 2810 amo-
