2060 3392
417 311 494 350 10⁶
780 309 1123 348 mSTomAmm
1149 308 1386 348 Lunowcl
1412 310 1470 347 XI

418 401 528 448 tutis
550 401 600 448 in
623 415 681 447 eo
713 399 851 447 fuisse
873 399 1149 464 reperimus.
1178 400 1259 445 Est
1276 398 1406 445 enim
1424 397 1651 446 fortitudo
1675 401 1831 449 excel-

415 479 518 527 lens
541 479 688 526 animi
721 477 997 541 magnitudo
1031 476 1094 525 ad
1128 475 1380 524 obeundos
1415 475 1603 525 labores
1630 485 1678 533 et
1705 478 1835 543 peri-

418 556 546 618 cula,
589 555 651 604 ad
688 546 1056 621 propulsandas,
1099 570 1199 602 non
1240 554 1303 602 ad
1335 553 1604 602 inserendas
1638 555 1833 619 injurias

416 650 506 699 pro
528 635 674 681 salute
705 633 967 681 communi.
1004 635 1070 680 Ea
1096 633 1225 680 enim
1251 633 1399 681 animi
1421 633 1590 695 elatio,
1606 649 1711 698 quae
1731 629 1837 682 cer-⁴

418 711 544 758 nitur
564 712 613 758 in
639 710 858 776 periculis
876 720 922 758 et
942 709 1203 772 laboribus,
1226 711 1265 758 si
1280 711 1458 774 justitia
1477 720 1613 761 vacat
1632 720 1833 777 pugnat-

416 798 508 852 q'ue
533 805 631 835 non
655 805 743 853 pro
767 788 916 835 salute
938 788 1201 850 communi,
1220 788 1303 835 sed
1318 805 1407 853 pro
1427 788 1523 836 suis
1543 788 1828 850 commodis,

415 866 463 912 in
489 867 602 913 vitio
624 877 718 926 est,
750 875 802 913 ut
826 866 980 929 inquit
1001 867 1167 913 Cicero
1187 866 1410 931 praeclare
1435 867 1484 914 in
1512 867 1608 914 suis
1631 865 1826 915 officiis.

415 944 536 991 Hinc
563 954 632 991 est
662 954 710 991 et
736 944 854 991 illud
886 944 1164 1008 praeclarum
1198 944 1440 991 Platonis:
1475 962 1499 989 «
1525 944 1656 991 Sicut
1675 945 1827 1007 enim,

414 1022 583 1086 inquit,
610 1023 804 1070 scientia
825 1037 930 1086 quae
954 1032 1139 1070 remota
1158 1031 1230 1069 est
1249 1038 1279 1070 a
1297 1022 1476 1087 justitia
1497 1023 1726 1071 calliditas
1742 1038 1832 1089 po-

414 1100 505 1148 tius
526 1115 672 1166 quam
694 1101 888 1148 seientia
910 1110 980 1148 est
1008 1100 1314 1166 appellanda,
1340 1101 1405 1147 ita
1434 1101 1621 1148 animus
1641 1110 1832 1166 paratus

414 1177 475 1225 ad
511 1179 800 1243 periculum,
835 1179 874 1226 si
907 1195 994 1226 sua
1034 1177 1292 1244 cupiditate
1327 1179 1487 1243 potius
1523 1194 1669 1244 quam
1703 1193 1833 1228 com-

413 1256 548 1302 muni
574 1256 771 1303 utilitate
795 1254 1068 1321 impellitur,
1100 1254 1308 1303 audaciae
1334 1255 1494 1320 potius
1530 1271 1708 1304 nomen
1742 1256 1831 1305 ha-

413 1331 494 1378 bet
521 1349 667 1396 quam
700 1333 1002 1380 fortitudinis.
1032 1352 1056 1378 n
1092 1335 1255 1380 Fortes
1283 1332 1426 1396 igitur
1457 1342 1509 1380 et
1539 1333 1833 1398 magnanimi

413 1421 524 1458 sunt
555 1411 790 1474 habendi,
834 1429 934 1459 non
974 1413 1057 1476 qui
1086 1411 1285 1471 faciunt,
1317 1412 1401 1459 sed
1431 1412 1714 1477 propulsant
1741 1426 1831 1478 pro

414 1489 659 1535 communi
687 1489 884 1537 utilitate
914 1490 1150 1552 injuriam.

479 1567 588 1628 flaeo
608 1575 767 1614 autem
787 1575 946 1613 utrum
965 1565 1170 1627 homini,
1196 1564 1256 1612 de
1278 1581 1377 1628 quo
1400 1565 1542 1612 nobis
1566 1581 1724 1612 sermo
1742 1574 1828 1628 est,

413 1642 719 1705 conveniant,
747 1653 794 1690 et
810 1644 859 1690 in
883 1659 942 1690 eo
965 1642 1166 1689 inveniri
1186 1643 1447 1707 potuerint,
1470 1641 1826 1706 inquirendum.

480 1720 639 1768 Primo
671 1719 866 1785 quidem
900 1722 950 1767 in
996 1736 1055 1768 eo
1095 1719 1157 1767 ad
1190 1719 1415 1767 obeunda
1448 1719 1659 1785 pericula
1701 1720 1832 1768 nulla

414 1797 599 1845 videtur
628 1799 767 1846 fuisse
795 1799 941 1846 animi
975 1798 1272 1862 magnitudo,
1304 1799 1369 1846 ita
1398 1798 1612 1863 profecto
1644 1807 1718 1859 ut,
1743 1815 1832 1846 nec

412 1891 524 1922 eum
556 1892 662 1923 vere
686 1877 917 1924 audacem
945 1876 1108 1940 (quod
1134 1876 1304 1923 vitium
1327 1886 1397 1923 est
1427 1876 1692 1924 fortitudini
1718 1892 1833 1926 con-

415 1953 658 2017 trarium),
685 1954 767 2002 sed
794 1953 1016 2001 timidum
1035 1954 1218 2020 potius,
1241 1954 1589 2019 pusillanimem
1618 1970 1673 2002 ac
1700 1954 1831 2019 fuga·

413 2046 518 2077 cem
540 2031 695 2078 dicere
721 2031 996 2079 debeamus.
1023 2034 1153 2079 Duas
1184 2048 1380 2095 magnas
1401 2032 1726 2098 expeditiones
1745 2048 1832 2098 per

413 2108 716 2173 semetipsum
732 2110 983 2157 adversum
996 2110 1166 2157 ducem
1186 2111 1435 2157 Britanniae
1454 2110 1669 2158 ductasse
1689 2127 1830 2175 supra

414 2185 698 2232 retulimus¹.
736 2189 788 2232 In
824 2187 999 2250 prima,
1035 2203 1146 2233 cum
1176 2196 1291 2234 tunc
1315 2196 1435 2233 esset
1469 2187 1611 2239 frater
1636 2204 1748 2234 suus
1779 2189 1828 2235 in

414 2264 671 2322 Britannia,
696 2281 1002 2328 congregasse
1030 2265 1090 2312 de
1117 2275 1220 2312 toto
1247 2281 1394 2329 regno
1417 2281 1504 2312 suo
1524 2265 1760 2313 ferebatur
1778 2267 1825 2313 in

414 2342 741 2388 Cenomannia
767 2358 910 2406 supra
937 2343 1179 2406 octoginta
1207 2341 1353 2390 millia
1375 2341 1590 2407 peditum
1623 2353 1670 2389 et
1694 2344 1829 2407 equi-

414 2425 532 2464 tum.
565 2417 657 2466 Sed
680 2435 790 2464 cum
817 2428 914 2467 tam
943 2419 1155 2467 validum
1178 2420 1406 2482 coegisset
1432 2420 1714 2481 exercitum,
1739 2436 1828 2468 nec

413 2494 622 2540 hostium
661 2511 881 2554 suorum,
921 2496 1095 2560 quibus
1128 2498 1342 2561 proxime
1370 2496 1612 2558 adstabat,
1642 2497 1826 2560 ingredi

412 2581 581 2633 terras,
611 2588 700 2620 nec
730 2572 991 2637 quidquam
1025 2574 1264 2637 egregium
1298 2583 1526 2622 attentare
1557 2589 1698 2623 ausus
1727 2585 1823 2636 est3

412 2648 494 2695 sed
512 2665 649 2696 exesa
677 2659 724 2696 et
742 2666 935 2713 prorsus
953 2651 1192 2699 exinanita
1212 2651 1364 2715 patria
1385 2651 1464 2699 illa
1489 2652 1827 2700 Cenomanniae

468 2812 507 2848 1.
537 2811 580 2847 Τ.
601 2811 664 2856 11,
684 2822 724 2860 p.
750 2811 826 2848 ¹86
846 2819 884 2849 et
902 2811 995 2850 298.
