2060 3392
506 332 584 370 342
1071 331 1345 380 nomem,

504 419 834 481 VirdunensiS,
855 428 965 484 post
995 419 1177 468 inedias
1196 430 1245 468 et
1265 420 1536 485 squalorem
1559 423 1777 486 carceris,
1801 439 1924 488 quos

502 497 834 562 quinquennio
872 497 1075 563 amplius
1102 497 1430 546 miserabiliter
1460 508 1531 546 est
1562 514 1810 565 perpessus
1824 538 1838 563 ,
1871 501 1922 549 in

501 576 674 624 eodem
691 590 880 642 carcere
897 591 924 622 e
945 575 1042 623 vita
1063 591 1216 641 nuper
1231 576 1453 640 migrasse
1468 586 1538 624 est
1549 575 1834 642 publicatus,
1854 588 1931 641 et,-

501 665 554 703 ut
566 654 863 702 verisimilius
878 655 1185 718 existimatur,
1199 656 1491 703 mendaciter
1505 656 1757 704 confictus¹
1775 676 1788 716 ;
1807 673 1921 706 nam

500 749 612 780 eum
640 732 799 780 adhuc
826 732 876 779 in
905 732 1124 796 squalore
1155 733 1364 780 carceris
1379 733 1528 781 vitam
1558 733 1799 782 infelicem
1831 743 1922 783 tra-

497 809 611 857 here
641 826 670 858 a
694 810 911 875 plurimis
937 810 1148 857 creditur
1169 820 1218 858 et
1236 811 1461 858 asseritur
1475 813 1504 858 ².
1530 810 1624 859 Sed
1644 827 1756 859 eum
1772 811 1919 860 vitam

496 886 670 936 finiisse
701 887 915 935 affictum
943 897 1014 935 est
1035 897 1088 935 ut
1111 898 1264 936 castra
1289 898 1338 936 et
1370 898 1504 936 terrae
1526 888 1733 937 ecclesiae
1754 889 1921 937 Virdu-

495 965 678 1025 nensis,
711 974 942 1029 tanquam
967 966 1177 1013 vacantis
1193 1004 1206 1028 ‚
1234 982 1384 1014 manu
1414 967 1543 1030 regia
1571 977 1921 1032 occuparentur

498 1045 660 1109 (prout
681 1042 742 1091 de
771 1042 894 1090 facto
916 1043 1089 1091 exstitit
1110 1043 1332 1109 factum),
1361 1053 1408 1092 et
1428 1053 1499 1107 ut,
1532 1044 1572 1093 si
1599 1043 1703 1092 fieri
1732 1055 1915 1110 posset,

494 1122 628 1170 alteri
659 1120 722 1169 ad
747 1120 974 1169 eamdem
988 1121 1236 1170 ecclesiam
1261 1124 1511 1188 pervenire
1532 1121 1763 1171 ambienti
1777 1160 1791 1185 ‚
1816 1133 1919 1172 tan-

494 1215 641 1263 quam
661 1214 748 1264 per
777 1197 964 1246 obitum
985 1198 1225 1264 pontificis
1255 1210 1506 1248 vacantem
1519 1199 1914 1265 ,provideretur,

494 1276 924 1352 quemadmodum
934 1286 982 1324 et
1003 1275 1064 1325 de
1096 1276 1238 1325 nobis
1270 1276 1379 1338 suit,
1405 1287 1458 1325 ut
1480 1293 1625 1344 supra
1650 1277 1914 1340 retulimuS,

493 1355 708 1418 similiter
731 1353 993 1402 confictum
1010 1364 1059 1402 et
1078 1365 1438 1421 praesumptum.

558 1432 821 1480 Cardinalis
842 1442 1002 1480 autem
1022 1433 1186 1493 etiam,
1211 1442 1266 1481 ut
1287 1433 1452 1494 fertur,
1477 1432 1638 1481 adhuc
1662 1443 1913 1500 superstes,

493 1509 864 1557 infelicissimam
889 1509 1037 1557 vitam
1067 1519 1115 1556 et
1143 1519 1296 1560 morte
1333 1511 1621 1558 amariorem
1655 1511 1706 1558 in
1742 1510 1916 1560 eodem

490 1588 711 1653 squalore
728 1588 930 1635 carceris
956 1586 1144 1636 trahere
1159 1589 1479 1654 compellitur,
1504 1589 1915 1691 quemadmodum

488 1667 627 1714 latius
647 1681 792 1731 supra
813 1665 957 1713 etiam
979 1666 1233 1714 retexuisse
1255 1666 1592 1714 meminimus⁸

545 1819 584 1857 1.
613 1819 668 1856 Le
694 1815 826 1856 Gallia
852 1816 1040 1854 chistiana
1063 1815 1173 1867 parle
1198 1815 1246 1854 de
1270 1828 1315 1854 ce
1338 1814 1445 1854 bruit
1473 1815 1649 1868 repanda
1677 1816 1848 1869 pendant
1872 1831 1914 1857 sa

486 1879 683 1918 detention
699 1908 709 1927 ‚
730 1887 760 1917 t.
783 1880 901 1928 XIII,
928 1878 1004 1917 col.
1031 1880 1148 1917 1236.

541 1945 580 1981 2.
611 1942 644 1981 Il
662 1943 721 1981 fut
740 1941 813 1981 mis
832 1942 928 1980 dans
947 1953 1025 1980 une
1042 1940 1092 1981 de
1104 1954 1167 1986 ces
1185 1941 1374 1982 fameuses
1394 1953 1508 1995 cages
1527 1941 1577 1981 de
1594 1941 1652 1982 fer
1666 1941 1763 1982 dont
1778 1942 1807 1982 il
1823 1942 1915 1983 §tait

486 2006 736 2053 l’inventeur‚
766 2018 818 2043 au
841 2004 926 2043 dire
954 2004 1002 2043 de
1027 2003 1261 2044 Commines.
1283 2008 1340 2044 La
1365 2005 1498 2043 sienne
1522 2004 1614 2044 etait
1637 1996 1843 2058 composee
1864 2006 1913 2046 de

487 2071 566 2108 158
588 2067 718 2120 pieces
737 2067 785 2106 de
807 2067 1018 2119 charpente
1037 2075 1076 2106 et
1098 2066 1148 2105 de
1168 2068 1272 2106 3953
1291 2066 1408 2106 livres
1434 2075 1570 2119 pesant
1588 2067 1637 2106 de
1654 2068 1731 2109 fer..
1748 2069 1908 2119 seuva,

485 2131 553 2182 qui
574 2144 674 2169 nous
694 2143 743 2170 en
765 2143 788 2169 a
806 2130 994 2169 conserve
1014 2130 1051 2168 le
1063 2129 1249 2168 memoire
1268 2129 1317 2168 de
1338 2129 1598 2168 construction
1613 2128 1843 2183 (Antiquites
1862 2131 1911 2171 de

484 2193 591 2233 Paris
607 2225 618 2244 ‚
640 2201 669 2234 t.
699 2196 778 2243 ΙΙΙ,
798 2207 839 2245 p.
862 2195 980 2243 1228),
1009 2193 1065 2232 dit
1083 2193 1225 2245 qu’elle
1247 2193 1305 2231 sut
1327 2193 1419 2232 faite
1437 2194 1652 2232 seulement
1669 2206 1718 2232 en
1746 2196 1850 2234 1476
1873 2204 1912 2234 et

483 2255 616 2307 placee
635 2255 731 2294 dans
748 2256 855 2294 l’une
872 2256 939 2294 des
958 2263 1065 2294 tours
1083 2255 1132 2294 de
1150 2255 1188 2294 la
1200 2255 1370 2295 Bastille.
1390 2256 1423 2294 Il
1442 2256 1541 2294 n'est
1558 2255 1659 2294 donc
1677 2269 1747 2308 pas
1763 2257 1909 2297 certain

483 2333 559 2371 que
577 2333 621 2360 ce
640 2321 714 2360 soit
733 2324 756 2360 a
771 2334 815 2360 ce
833 2333 951 2373 genre
970 2320 1020 2359 de
1037 2320 1173 2360 cachot
1191 2334 1269 2373 que
1285 2320 1429 2360 veuille
1445 2321 1542 2360 faire
1561 2321 1727 2360 allusion
1743 2321 1909 2362 Thomas

482 2382 614 2430 Rasin,
632 2382 687 2422 lui
708 2383 775 2435 qui
793 2383 954 2423 ecrivait
974 2396 1019 2422 ce
1037 2385 1158 2434 qu’on
1177 2383 1222 2421 lit
1240 2383 1289 2422 ici
1308 2395 1358 2422 en
1379 2385 1496 2422 1474.
1510 2376 1612 2432 Quoi
1633 2379 1728 2434 qu’il
1747 2373 1904 2434 en'soit‚

481 2445 659 2496 l’eveque
686 2445 734 2484 de
761 2445 919 2484 Verdun
943 2453 1014 2498 put
1032 2458 1073 2484 se
1091 2445 1211 2484 livrer
1228 2447 1250 2483 a
1271 2445 1416 2483 l'etude
1435 2444 1607 2497 pendant
1635 2457 1677 2483 sa
1699 2445 1904 2498 captivit&

480 2507 506 2546 il
527 2507 655 2559 apprit
682 2508 719 2546 le
753 2507 856 2547 droit
883 2516 922 2547 et
946 2521 972 2559 y
1000 2507 1134 2546 devint
1169 2507 1219 2546 de
1249 2507 1440 2559 premiere
1473 2508 1593 2548 force.
1629 2509 1758 2546 Gallia
1790 2509 1906 2546 chris-

481 2574 611 2620 tiana,
648 2571 676 2609 l.
704 2584 740 2612 c,

535 2635 574 2671 3.
600 2633 751 2684 Voyez,
770 2646 810 2684 p.
835 2635 927 2671 317.

2050 2243 2052 2254 -
2048 2113 2060 2230 -....a‚.÷
2052 2023 2060 2102 nm„
2056 2007 2060 2011 .
2056 1990 2060 1996 .
2055 1972 2060 1979 .
2030 1939 2060 1963 ,ἒ
2056 1916 2060 1923 ,
