<?xml version="1.0" encoding="UTF-8"?>
<!DOCTYPE html PUBLIC "-//W3C//DTD XHTML 1.0 Transitional//EN"
    "http://www.w3.org/TR/xhtml1/DTD/xhtml1-transitional.dtd">
<html xmlns="http://www.w3.org/1999/xhtml" xml:lang="en" lang="en">
 <head>
  <title>
</title>
<meta http-equiv="Content-Type" content="text/html;charset=utf-8" />
  <meta name='ocr-system' content='tesseract 3.04.00' />
  <meta name='ocr-capabilities' content='ocr_page ocr_carea ocr_par ocr_line ocrx_word'/>
</head>
<body>
  <div class='ocr_page' id='page_1' title='image "./histoiredesrgn03basiuoft_0127.png"; bbox 0 0 2060 3392; ppageno 0'>
   <div class='ocr_carea' id='block_1_1' title="bbox 0 0 55 858">
    <p class='ocr_par' dir='ltr' id='par_1_1' title="bbox 0 0 55 858">
     <span class='ocr_line' id='line_1_1' title="bbox 0 0 55 858; baseline 0 0"><span class='ocrx_word' id='word_1_1' title='bbox 0 0 55 858; x_wconf 95' lang='lat' dir='ltr'> </span> 
     </span>
    </p>
   </div>
   <div class='ocr_carea' id='block_1_2' title="bbox 723 298 1621 338">
    <p class='ocr_par' dir='ltr' id='par_1_2' title="bbox 723 298 1621 338">
     <span class='ocr_line' id='line_1_2' title="bbox 723 298 1621 338; baseline 0 0"><span class='ocrx_word' id='word_1_2' title='bbox 723 299 868 338; x_wconf 79' lang='lat' dir='ltr'>LIBER</span> <span class='ocrx_word' id='word_1_3' title='bbox 902 298 1102 336; x_wconf 77' lang='lat' dir='ltr'>SEXTUS.</span> <span class='ocrx_word' id='word_1_4' title='bbox 1573 304 1621 338; x_wconf 81' lang='lat'>77</span> 
     </span>
    </p>
   </div>
   <div class='ocr_carea' id='block_1_3' title="bbox 188 387 1623 1151">
    <p class='ocr_par' dir='ltr' id='par_1_3' title="bbox 188 387 1623 1151">
     <span class='ocr_line' id='line_1_3' title="bbox 203 387 1620 454; baseline -0.003 -15"><span class='ocrx_word' id='word_1_5' title='bbox 203 391 256 439; x_wconf 92' lang='lat' dir='ltr'>in</span> <span class='ocrx_word' id='word_1_6' title='bbox 286 387 487 454; x_wconf 70' lang='lat' dir='ltr'>longum</span> <span class='ocrx_word' id='word_1_7' title='bbox 519 390 587 436; x_wconf 90' lang='lat' dir='ltr'>eis</span> <span class='ocrx_word' id='word_1_8' title='bbox 611 387 900 454; x_wconf 83' lang='lat' dir='ltr'>permansit3</span> <span class='ocrx_word' id='word_1_9' title='bbox 927 404 1041 435; x_wconf 90' lang='lat' dir='ltr'>nam</span> <span class='ocrx_word' id='word_1_10' title='bbox 1062 387 1209 454; x_wconf 87' lang='lat' dir='ltr'>paulo</span> <span class='ocrx_word' id='word_1_11' title='bbox 1231 396 1362 452; x_wconf 91' lang='lat' dir='ltr'>post,</span> <span class='ocrx_word' id='word_1_12' title='bbox 1387 404 1499 434; x_wconf 92' lang='lat' dir='ltr'>cum</span> <span class='ocrx_word' id='word_1_13' title='bbox 1523 388 1620 435; x_wconf 84' lang='lat' dir='ltr'>dux</span> 
     </span>
     <span class='ocr_line' id='line_1_4' title="bbox 203 463 1621 531; baseline -0.002 -16"><span class='ocrx_word' id='word_1_14' title='bbox 203 467 392 516; x_wconf 74' lang='lat' dir='ltr'>Austriae</span> <span class='ocrx_word' id='word_1_15' title='bbox 409 503 422 527; x_wconf 94' lang='lat'>,</span> <span class='ocrx_word' id='word_1_16' title='bbox 461 465 724 514; x_wconf 85' lang='lat' dir='ltr'>Hollandiae</span> <span class='ocrx_word' id='word_1_17' title='bbox 762 465 983 531; x_wconf 89' lang='lat' dir='ltr'>princeps</span> <span class='ocrx_word' id='word_1_18' title='bbox 996 502 1009 526; x_wconf 91' lang='lat'>,</span> <span class='ocrx_word' id='word_1_19' title='bbox 1054 465 1106 511; x_wconf 92' lang='lat' dir='ltr'>in</span> <span class='ocrx_word' id='word_1_20' title='bbox 1142 463 1443 514; x_wconf 87' lang='lat' dir='ltr'>Hollandiam</span> <span class='ocrx_word' id='word_1_21' title='bbox 1483 466 1621 529; x_wconf 83' lang='lat' dir='ltr'>traje-</span> 
     </span>
     <span class='ocr_line' id='line_1_5' title="bbox 192 542 1623 610; baseline -0.003 -16"><span class='ocrx_word' id='word_1_22' title='bbox 192 545 342 594; x_wconf 76' lang='lat' dir='ltr'>cisset</span> <span class='ocrx_word' id='word_1_23' title='bbox 357 547 372 570; x_wconf 65' lang='lat'><strong>³</strong></span> <span class='ocrx_word' id='word_1_24' title='bbox 394 560 507 610; x_wconf 83' lang='lat' dir='ltr'>cum</span> <span class='ocrx_word' id='word_1_25' title='bbox 532 544 689 610; x_wconf 87' lang='lat' dir='ltr'>parvis</span> <span class='ocrx_word' id='word_1_26' title='bbox 717 542 982 591; x_wconf 87' lang='lat' dir='ltr'><strong>admodum</strong></span> <span class='ocrx_word' id='word_1_27' title='bbox 1009 543 1182 608; x_wconf 91' lang='lat' dir='ltr'>copiis,</span> <span class='ocrx_word' id='word_1_28' title='bbox 1206 543 1412 590; x_wconf 86' lang='lat' dir='ltr'>exterriti</span> <span class='ocrx_word' id='word_1_29' title='bbox 1439 543 1623 606; x_wconf 86' lang='lat' dir='ltr'>Trajec-</span> 
     </span>
     <span class='ocr_line' id='line_1_6' title="bbox 204 619 1622 685; baseline -0.002 -15"><span class='ocrx_word' id='word_1_30' title='bbox 204 630 376 684; x_wconf 73' lang='lat' dir='ltr'>tenseS,</span> <span class='ocrx_word' id='word_1_31' title='bbox 401 631 525 685; x_wconf 87' lang='lat' dir='ltr'>quos</span> <span class='ocrx_word' id='word_1_32' title='bbox 543 619 727 667; x_wconf 88' lang='lat' dir='ltr'>exsules</span> <span class='ocrx_word' id='word_1_33' title='bbox 749 635 911 667; x_wconf 84' lang='lat' dir='ltr'>secum</span> <span class='ocrx_word' id='word_1_34' title='bbox 934 619 1247 681; x_wconf 83' lang='lat' dir='ltr'>adduxerant,</span> <span class='ocrx_word' id='word_1_35' title='bbox 1272 629 1320 668; x_wconf 90' lang='lat' dir='ltr'>et</span> <span class='ocrx_word' id='word_1_36' title='bbox 1341 636 1440 667; x_wconf 93' lang='lat' dir='ltr'>non</span> <span class='ocrx_word' id='word_1_37' title='bbox 1462 620 1622 667; x_wconf 92' lang='lat' dir='ltr'>minus</span> 
     </span>
     <span class='ocr_line' id='line_1_7' title="bbox 188 696 1617 763; baseline -0.001 -17"><span class='ocrx_word' id='word_1_38' title='bbox 188 697 268 748; x_wconf 77' lang='lat' dir='ltr'>&#39;ab</span> <span class='ocrx_word' id='word_1_39' title='bbox 300 697 399 760; x_wconf 79' lang='lat' dir='ltr'>his,</span> <span class='ocrx_word' id='word_1_40' title='bbox 443 697 527 762; x_wconf 93' lang='lat' dir='ltr'>qui</span> <span class='ocrx_word' id='word_1_41' title='bbox 560 696 621 744; x_wconf 93' lang='lat' dir='ltr'>de</span> <span class='ocrx_word' id='word_1_42' title='bbox 661 696 858 744; x_wconf 88' lang='lat' dir='ltr'>adversa</span> <span class='ocrx_word' id='word_1_43' title='bbox 902 697 1106 745; x_wconf 85' lang='lat' dir='ltr'>factione</span> <span class='ocrx_word' id='word_1_44' title='bbox 1135 707 1271 746; x_wconf 87' lang='lat' dir='ltr'>erant</span> <span class='ocrx_word' id='word_1_45' title='bbox 1312 697 1362 744; x_wconf 92' lang='lat' dir='ltr'>in</span> <span class='ocrx_word' id='word_1_46' title='bbox 1400 698 1582 763; x_wconf 92' lang='lat' dir='ltr'>oppido</span> <span class='ocrx_word' id='word_1_47' title='bbox 1604 736 1617 759; x_wconf 92' lang='lat'>,</span> 
     </span>
     <span class='ocr_line' id='line_1_8' title="bbox 202 773 1620 841; baseline -0.001 -17"><span class='ocrx_word' id='word_1_48' title='bbox 202 791 350 841; x_wconf 82' lang='lat' dir='ltr'>quam</span> <span class='ocrx_word' id='word_1_49' title='bbox 380 790 412 823; x_wconf 89' lang='lat' dir='ltr'>a</span> <span class='ocrx_word' id='word_1_50' title='bbox 441 774 669 840; x_wconf 89' lang='lat' dir='ltr'>principis</span> <span class='ocrx_word' id='word_1_51' title='bbox 706 773 951 820; x_wconf 84' lang='lat' dir='ltr'>invasione</span> <span class='ocrx_word' id='word_1_52' title='bbox 985 773 1319 836; x_wconf 82' lang='lat' dir='ltr'>formidantes,</span> <span class='ocrx_word' id='word_1_53' title='bbox 1354 775 1620 839; x_wconf 88' lang='lat' dir='ltr'>Trajectum</span> 
     </span>
     <span class='ocr_line' id='line_1_9' title="bbox 202 850 1620 918; baseline -0.001 -17"><span class='ocrx_word' id='word_1_54' title='bbox 202 868 317 901; x_wconf 85' lang='lat' dir='ltr'>cum</span> <span class='ocrx_word' id='word_1_55' title='bbox 342 850 505 918; x_wconf 84' lang='lat' dir='ltr'>praeda</span> <span class='ocrx_word' id='word_1_56' title='bbox 539 867 686 915; x_wconf 90' lang='lat' dir='ltr'>quam</span> <span class='ocrx_word' id='word_1_57' title='bbox 717 850 948 912; x_wconf 82' lang='lat' dir='ltr'>fecerant,</span> <span class='ocrx_word' id='word_1_58' title='bbox 993 851 1298 916; x_wconf 83' lang='lat' dir='ltr'>repedarunt.</span> <span class='ocrx_word' id='word_1_59' title='bbox 1334 855 1395 898; x_wconf 89' lang='lat' dir='ltr'>Et</span> <span class='ocrx_word' id='word_1_60' title='bbox 1431 852 1498 899; x_wconf 91' lang='lat' dir='ltr'>sic</span> <span class='ocrx_word' id='word_1_61' title='bbox 1531 869 1620 918; x_wconf 92' lang='lat' dir='ltr'>op-</span> 
     </span>
     <span class='ocr_line' id='line_1_10' title="bbox 201 928 1622 996; baseline -0.001 -17"><span class='ocrx_word' id='word_1_62' title='bbox 201 930 407 996; x_wconf 87' lang='lat' dir='ltr'>pidum&#39;</span> <span class='ocrx_word' id='word_1_63' title='bbox 395 947 446 978; x_wconf 91' lang='lat' dir='ltr'>1n</span> <span class='ocrx_word' id='word_1_64' title='bbox 466 929 715 996; x_wconf 76' lang='lat' dir='ltr'>pristinam</span> <span class='ocrx_word' id='word_1_65' title='bbox 746 928 1013 977; x_wconf 83' lang='lat' dir='ltr'>libertatem</span> <span class='ocrx_word' id='word_1_66' title='bbox 1040 928 1131 977; x_wconf 90' lang='lat' dir='ltr'>sub</span> <span class='ocrx_word' id='word_1_67' title='bbox 1163 930 1391 995; x_wconf 86' lang='lat' dir='ltr'>principis</span> <span class='ocrx_word' id='word_1_68' title='bbox 1423 946 1622 978; x_wconf 89' lang='lat' dir='ltr'>manum</span> 
     </span>
     <span class='ocr_line' id='line_1_11' title="bbox 201 1006 1623 1074; baseline -0.001 -17"><span class='ocrx_word' id='word_1_69' title='bbox 201 1023 262 1057; x_wconf 85' lang='lat' dir='ltr'>ac</span> <span class='ocrx_word' id='word_1_70' title='bbox 290 1016 573 1074; x_wconf 87' lang='lat' dir='ltr'>potestatem</span> <span class='ocrx_word' id='word_1_71' title='bbox 608 1016 852 1071; x_wconf 84' lang='lat' dir='ltr'>receptum</span> <span class='ocrx_word' id='word_1_72' title='bbox 886 1016 984 1068; x_wconf 87' lang='lat' dir='ltr'>est,</span> <span class='ocrx_word' id='word_1_73' title='bbox 1021 1006 1180 1070; x_wconf 86' lang='lat' dir='ltr'>ejectis</span> <span class='ocrx_word' id='word_1_74' title='bbox 1220 1017 1302 1055; x_wconf 88' lang='lat' dir='ltr'>aut</span> <span class='ocrx_word' id='word_1_75' title='bbox 1335 1007 1623 1071; x_wconf 85' lang='lat' dir='ltr'>fugientibus</span> 
     </span>
     <span class='ocr_line' id='line_1_12' title="bbox 199 1083 1194 1151; baseline -0.004 -17"><span class='ocrx_word' id='word_1_76' title='bbox 199 1085 293 1134; x_wconf 80' lang='lat' dir='ltr'>illis</span> <span class='ocrx_word' id='word_1_77' title='bbox 306 1121 322 1147; x_wconf 89' lang='lat'>‚</span> <span class='ocrx_word' id='word_1_78' title='bbox 345 1085 430 1151; x_wconf 89' lang='lat' dir='ltr'>qui</span> <span class='ocrx_word' id='word_1_79' title='bbox 449 1085 500 1132; x_wconf 91' lang='lat' dir='ltr'>in</span> <span class='ocrx_word' id='word_1_80' title='bbox 524 1083 644 1134; x_wconf 84' lang='lat' dir='ltr'>illud</span> <span class='ocrx_word' id='word_1_81' title='bbox 664 1083 890 1131; x_wconf 83' lang='lat' dir='ltr'>fortuito&#39;</span> <span class='ocrx_word' id='word_1_82' title='bbox 909 1083 1194 1149; x_wconf 86' lang='lat' dir='ltr'>irruperant</span> 
     </span>
    </p>
   </div>
   <div class='ocr_carea' id='block_1_4' title="bbox 660 1268 1159 1315">
    <p class='ocr_par' dir='ltr' id='par_1_4' title="bbox 660 1268 1159 1315">
     <span class='ocr_line' id='line_1_13' title="bbox 660 1268 1159 1315; baseline -0.006 0"><span class='ocrx_word' id='word_1_83' title='bbox 660 1269 831 1315; x_wconf 85' lang='lat' dir='ltr'><strong>CAPIT</strong></span> <span class='ocrx_word' id='word_1_84' title='bbox 833 1268 1004 1314; x_wconf 87' lang='lat' dir='ltr'>ULUM</span> <span class='ocrx_word' id='word_1_85' title='bbox 1036 1268 1159 1312; x_wconf 79' lang='lat' dir='ltr'>xxi.</span> 
     </span>
    </p>
   </div>
   <div class='ocr_carea' id='block_1_5' title="bbox 200 1399 1622 1507">
    <p class='ocr_par' dir='ltr' id='par_1_5' title="bbox 200 1399 1622 1507">
     <span class='ocr_line' id='line_1_14' title="bbox 200 1399 1622 1449; baseline 0.001 -12"><span class='ocrx_word' id='word_1_86' title='bbox 200 1401 396 1448; x_wconf 66' lang='lat' dir='ltr'>Quomodo</span> <span class='ocrx_word' id='word_1_87' title='bbox 411 1400 580 1437; x_wconf 78' lang='lat' dir='ltr'>dominus</span> <span class='ocrx_word' id='word_1_88' title='bbox 593 1400 640 1436; x_wconf 89' lang='lat' dir='ltr'>de</span> <span class='ocrx_word' id='word_1_89' title='bbox 656 1399 845 1449; x_wconf 82' lang='lat' dir='ltr'>Egmunda</span> <span class='ocrx_word' id='word_1_90' title='bbox 859 1399 1086 1436; x_wconf 87' lang='lat' dir='ltr'>Dordracum</span> <span class='ocrx_word' id='word_1_91' title='bbox 1098 1401 1247 1448; x_wconf 84' lang='lat' dir='ltr'>subegit,</span> <span class='ocrx_word' id='word_1_92' title='bbox 1261 1400 1528 1437; x_wconf 68' lang='lat' dir='ltr'>Hoeckensibus</span> <span class='ocrx_word' id='word_1_93' title='bbox 1537 1402 1622 1438; x_wconf 87' lang='lat' dir='ltr'>inde</span> 
     </span>
     <span class='ocr_line' id='line_1_15' title="bbox 246 1456 1577 1507; baseline 0 -13"><span class='ocrx_word' id='word_1_94' title='bbox 246 1459 376 1507; x_wconf 72' lang='lat' dir='ltr'>puluis:</span> <span class='ocrx_word' id='word_1_95' title='bbox 390 1466 425 1494; x_wconf 86' lang='lat' dir='ltr'>et</span> <span class='ocrx_word' id='word_1_96' title='bbox 442 1457 488 1493; x_wconf 88' lang='lat' dir='ltr'>de</span> <span class='ocrx_word' id='word_1_97' title='bbox 502 1457 650 1494; x_wconf 79' lang='lat' dir='ltr'>decretis</span> <span class='ocrx_word' id='word_1_98' title='bbox 663 1466 697 1492; x_wconf 85' lang='lat' dir='ltr'>et</span> <span class='ocrx_word' id='word_1_99' title='bbox 709 1456 883 1492; x_wconf 78' lang='lat' dir='ltr'>mandatis</span> <span class='ocrx_word' id='word_1_100' title='bbox 895 1456 997 1493; x_wconf 79' lang='lat' dir='ltr'>ducis</span> <span class='ocrx_word' id='word_1_101' title='bbox 1007 1458 1156 1493; x_wconf 75' lang='lat' dir='ltr'>Austriae</span> <span class='ocrx_word' id='word_1_102' title='bbox 1170 1466 1294 1493; x_wconf 83' lang='lat' dir='ltr'>contra</span> <span class='ocrx_word' id='word_1_103' title='bbox 1303 1458 1542 1506; x_wconf 75' lang='lat' dir='ltr'>Trnjectenses</span> <span class='ocrx_word' id='word_1_104' title='bbox 1549 1461 1577 1497; x_wconf 75' lang='lat'>³.</span> 
     </span>
    </p>
   </div>
   <div class='ocr_carea' id='block_1_6' title="bbox 192 1568 1624 2414">
    <p class='ocr_par' dir='ltr' id='par_1_6' title="bbox 192 1568 1624 2414">
     <span class='ocr_line' id='line_1_16' title="bbox 263 1568 1623 1635; baseline 0.001 -17"><span class='ocrx_word' id='word_1_105' title='bbox 263 1571 394 1618; x_wconf 86' lang='lat' dir='ltr'>Juvit</span> <span class='ocrx_word' id='word_1_106' title='bbox 413 1571 527 1618; x_wconf 83' lang='lat' dir='ltr'>huic</span> <span class='ocrx_word' id='word_1_107' title='bbox 553 1570 808 1635; x_wconf 88' lang='lat' dir='ltr'>Leydensis</span> <span class='ocrx_word' id='word_1_108' title='bbox 826 1568 994 1635; x_wconf 90' lang='lat' dir='ltr'>oppidi</span> <span class='ocrx_word' id='word_1_109' title='bbox 1015 1570 1363 1635; x_wconf 88' lang='lat' dir='ltr'>recuperationi</span> <span class='ocrx_word' id='word_1_110' title='bbox 1390 1587 1490 1618; x_wconf 91' lang='lat' dir='ltr'>non</span> <span class='ocrx_word' id='word_1_111' title='bbox 1516 1588 1623 1619; x_wconf 91' lang='lat' dir='ltr'>mo-</span> 
     </span>
     <span class='ocr_line' id='line_1_17' title="bbox 197 1646 1618 1713; baseline 0.001 -18"><span class='ocrx_word' id='word_1_112' title='bbox 197 1646 379 1707; x_wconf 90' lang='lat' dir='ltr'>dicum,</span> <span class='ocrx_word' id='word_1_113' title='bbox 398 1648 532 1713; x_wconf 88' lang='lat' dir='ltr'>quod</span> <span class='ocrx_word' id='word_1_114' title='bbox 549 1649 641 1696; x_wconf 88' lang='lat' dir='ltr'>illis</span> <span class='ocrx_word' id='word_1_115' title='bbox 661 1647 831 1696; x_wconf 91' lang='lat' dir='ltr'>diebus</span> <span class='ocrx_word' id='word_1_116' title='bbox 843 1647 1042 1710; x_wconf 86' lang='lat' dir='ltr'>contigit</span> <span class='ocrx_word' id='word_1_117' title='bbox 1059 1647 1109 1694; x_wconf 92' lang='lat' dir='ltr'>in</span> <span class='ocrx_word' id='word_1_118' title='bbox 1128 1647 1311 1713; x_wconf 90' lang='lat' dir='ltr'>oppido</span> <span class='ocrx_word' id='word_1_119' title='bbox 1326 1648 1575 1696; x_wconf 86' lang='lat' dir='ltr'>Dordraco</span> <span class='ocrx_word' id='word_1_120' title='bbox 1586 1651 1618 1695; x_wconf 78' lang='lat'>⁴.</span> 
     </span>
     <span class='ocr_line' id='line_1_18' title="bbox 199 1724 1624 1790; baseline 0.001 -17"><span class='ocrx_word' id='word_1_121' title='bbox 199 1726 321 1774; x_wconf 81' lang='lat' dir='ltr'>Nam</span> <span class='ocrx_word' id='word_1_122' title='bbox 338 1742 452 1773; x_wconf 90' lang='lat' dir='ltr'>cum</span> <span class='ocrx_word' id='word_1_123' title='bbox 472 1726 597 1773; x_wconf 92' lang='lat' dir='ltr'>illius</span> <span class='ocrx_word' id='word_1_124' title='bbox 619 1726 714 1773; x_wconf 89' lang='lat' dir='ltr'>loci</span> <span class='ocrx_word' id='word_1_125' title='bbox 739 1726 866 1772; x_wconf 86' lang='lat' dir='ltr'>cives</span> <span class='ocrx_word' id='word_1_126' title='bbox 886 1735 934 1772; x_wconf 92' lang='lat' dir='ltr'>et</span> <span class='ocrx_word' id='word_1_127' title='bbox 956 1734 1163 1772; x_wconf 89' lang='lat' dir='ltr'>rectores</span> <span class='ocrx_word' id='word_1_128' title='bbox 1187 1724 1249 1772; x_wconf 87' lang='lat' dir='ltr'>ab</span> <span class='ocrx_word' id='word_1_129' title='bbox 1272 1726 1474 1790; x_wconf 88' lang='lat' dir='ltr'>antiquo</span> <span class='ocrx_word' id='word_1_130' title='bbox 1494 1726 1624 1774; x_wconf 86' lang='lat' dir='ltr'>velut</span> 
     </span>
     <span class='ocr_line' id='line_1_19' title="bbox 199 1802 1624 1870; baseline 0.001 -20"><span class='ocrx_word' id='word_1_131' title='bbox 199 1802 346 1852; x_wconf 84' lang='lat' dir='ltr'>duces</span> <span class='ocrx_word' id='word_1_132' title='bbox 389 1820 446 1852; x_wconf 91' lang='lat' dir='ltr'>ac</span> <span class='ocrx_word' id='word_1_133' title='bbox 482 1804 732 1870; x_wconf 90' lang='lat' dir='ltr'>primiores</span> <span class='ocrx_word' id='word_1_134' title='bbox 766 1803 975 1868; x_wconf 88' lang='lat' dir='ltr'>partium</span> <span class='ocrx_word' id='word_1_135' title='bbox 1014 1802 1367 1851; x_wconf 87' lang='lat' dir='ltr'>Hoeckensium</span> <span class='ocrx_word' id='word_1_136' title='bbox 1407 1803 1624 1852; x_wconf 87' lang='lat' dir='ltr'>factionis</span> 
     </span>
     <span class='ocr_line' id='line_1_20' title="bbox 199 1878 1622 1946; baseline 0 -17"><span class='ocrx_word' id='word_1_137' title='bbox 199 1878 340 1929; x_wconf 70' lang='lat' dir='ltr'>misse</span> <span class='ocrx_word' id='word_1_138' title='bbox 362 1891 648 1942; x_wconf 89' lang='lat' dir='ltr'>asserantur,</span> <span class='ocrx_word' id='word_1_139' title='bbox 680 1897 854 1945; x_wconf 89' lang='lat' dir='ltr'>easque</span> <span class='ocrx_word' id='word_1_140' title='bbox 878 1890 1036 1946; x_wconf 89' lang='lat' dir='ltr'>partes</span> <span class='ocrx_word' id='word_1_141' title='bbox 1058 1880 1434 1945; x_wconf 88' lang='lat' dir='ltr'>pertinacissimo</span> <span class='ocrx_word' id='word_1_142' title='bbox 1458 1882 1622 1929; x_wconf 92' lang='lat' dir='ltr'>animo</span> 
     </span>
     <span class='ocr_line' id='line_1_21' title="bbox 198 1958 1621 2025; baseline 0.001 -19"><span class='ocrx_word' id='word_1_143' title='bbox 198 1959 459 2008; x_wconf 88' lang='lat' dir='ltr'>retinerent</span> <span class='ocrx_word' id='word_1_144' title='bbox 491 1969 634 2023; x_wconf 90' lang='lat' dir='ltr'>atque</span> <span class='ocrx_word' id='word_1_145' title='bbox 665 1958 880 2006; x_wconf 87' lang='lat' dir='ltr'>soverent</span> <span class='ocrx_word' id='word_1_146' title='bbox 900 1995 913 2020; x_wconf 95' lang='lat'>,</span> <span class='ocrx_word' id='word_1_147' title='bbox 947 1958 1189 2006; x_wconf 86' lang='lat' dir='ltr'>trahentes</span> <span class='ocrx_word' id='word_1_148' title='bbox 1225 1960 1288 2007; x_wconf 90' lang='lat' dir='ltr'>ad</span> <span class='ocrx_word' id='word_1_149' title='bbox 1318 1976 1368 2007; x_wconf 93' lang='lat' dir='ltr'>se</span> <span class='ocrx_word' id='word_1_150' title='bbox 1394 1975 1451 2008; x_wconf 90' lang='lat' dir='ltr'>ac</span> <span class='ocrx_word' id='word_1_151' title='bbox 1486 1960 1621 2025; x_wconf 91' lang='lat' dir='ltr'>pelli-</span> 
     </span>
     <span class='ocr_line' id='line_1_22' title="bbox 198 2031 1622 2101; baseline 0.001 -18"><span class='ocrx_word' id='word_1_152' title='bbox 198 2036 377 2084; x_wconf 88' lang='lat' dir='ltr'>cientes</span> <span class='ocrx_word' id='word_1_153' title='bbox 413 2036 489 2083; x_wconf 86' lang='lat' dir='ltr'>vel</span> <span class='ocrx_word' id='word_1_154' title='bbox 528 2034 792 2084; x_wconf 88' lang='lat' dir='ltr'>terroribus</span> <span class='ocrx_word' id='word_1_155' title='bbox 810 2072 823 2097; x_wconf 94' lang='lat'><strong><em>‚</em></strong></span> <span class='ocrx_word' id='word_1_156' title='bbox 862 2031 938 2082; x_wconf 84' lang='lat' dir='ltr'>vel</span> <span class='ocrx_word' id='word_1_157' title='bbox 980 2033 1225 2096; x_wconf 76' lang='lat' dir='ltr'>blanditiis</span> <span class='ocrx_word' id='word_1_158' title='bbox 1256 2046 1399 2101; x_wconf 87' lang='lat' dir='ltr'>atque</span> <span class='ocrx_word' id='word_1_159' title='bbox 1441 2037 1622 2084; x_wconf 87' lang='lat' dir='ltr'>suasio-</span> 
     </span>
     <span class='ocr_line' id='line_1_23' title="bbox 198 2112 1620 2181; baseline 0.001 -20"><span class='ocrx_word' id='word_1_160' title='bbox 198 2112 366 2176; x_wconf 88' lang='lat' dir='ltr'>nibus,</span> <span class='ocrx_word' id='word_1_161' title='bbox 394 2113 557 2179; x_wconf 87' lang='lat' dir='ltr'>quoad</span> <span class='ocrx_word' id='word_1_162' title='bbox 579 2122 826 2178; x_wconf 85' lang='lat' dir='ltr'>poterant,</span> <span class='ocrx_word' id='word_1_163' title='bbox 852 2112 945 2160; x_wconf 87' lang='lat' dir='ltr'>alia</span> <span class='ocrx_word' id='word_1_164' title='bbox 966 2114 1128 2178; x_wconf 86' lang='lat' dir='ltr'>patriae</span> <span class='ocrx_word' id='word_1_165' title='bbox 1151 2114 1330 2179; x_wconf 93' lang='lat' dir='ltr'>oppida</span> <span class='ocrx_word' id='word_1_166' title='bbox 1348 2152 1361 2175; x_wconf 94' lang='lat'>,</span> <span class='ocrx_word' id='word_1_167' title='bbox 1394 2114 1620 2181; x_wconf 90' lang='lat' dir='ltr'>pleraque</span> 
     </span>
     <span class='ocr_line' id='line_1_24' title="bbox 192 2190 1619 2258; baseline 0.002 -20"><span class='ocrx_word' id='word_1_168' title='bbox 192 2190 295 2255; x_wconf 84' lang='lat' dir='ltr'>jam</span> <span class='ocrx_word' id='word_1_169' title='bbox 327 2190 392 2239; x_wconf 84' lang='lat' dir='ltr'>ab</span> <span class='ocrx_word' id='word_1_170' title='bbox 423 2191 540 2238; x_wconf 91' lang='lat' dir='ltr'>olim</span> <span class='ocrx_word' id='word_1_171' title='bbox 567 2207 624 2238; x_wconf 87' lang='lat' dir='ltr'>ex</span> <span class='ocrx_word' id='word_1_172' title='bbox 657 2190 772 2256; x_wconf 92' lang='lat' dir='ltr'>ipsis</span> <span class='ocrx_word' id='word_1_173' title='bbox 803 2190 865 2238; x_wconf 94' lang='lat' dir='ltr'>ad</span> <span class='ocrx_word' id='word_1_174' title='bbox 891 2207 1032 2237; x_wconf 90' lang='lat' dir='ltr'>suum</span> <span class='ocrx_word' id='word_1_175' title='bbox 1065 2207 1353 2239; x_wconf 91' lang='lat' dir='ltr'>consensum</span> <span class='ocrx_word' id='word_1_176' title='bbox 1385 2193 1619 2258; x_wconf 82' lang='lat' dir='ltr'>perduxe-</span> 
     </span>
     <span class='ocr_line' id='line_1_25' title="bbox 197 2268 1618 2335; baseline 0.001 -18"><span class='ocrx_word' id='word_1_177' title='bbox 197 2279 306 2318; x_wconf 91' lang='lat' dir='ltr'>rant</span> <span class='ocrx_word' id='word_1_178' title='bbox 334 2270 499 2333; x_wconf 82' lang='lat' dir='ltr'>(veluti</span> <span class='ocrx_word' id='word_1_179' title='bbox 536 2269 771 2335; x_wconf 90' lang='lat' dir='ltr'>oppidum</span> <span class='ocrx_word' id='word_1_180' title='bbox 801 2268 862 2316; x_wconf 91' lang='lat' dir='ltr'>de</span> <span class='ocrx_word' id='word_1_181' title='bbox 895 2268 1096 2331; x_wconf 90' lang='lat' dir='ltr'>Gouda,</span> <span class='ocrx_word' id='word_1_182' title='bbox 1133 2270 1465 2333; x_wconf 78' lang='lat' dir='ltr'>Sconoviam⁵,</span> <span class='ocrx_word' id='word_1_183' title='bbox 1504 2273 1618 2319; x_wconf 89' lang='lat' dir='ltr'>Rot-</span> 
     </span>
     <span class='ocr_line' id='line_1_26' title="bbox 197 2347 1618 2414; baseline 0.001 -19"><span class='ocrx_word' id='word_1_184' title='bbox 197 2348 467 2397; x_wconf 87' lang='lat' dir='ltr'>terdamum</span> <span class='ocrx_word' id='word_1_185' title='bbox 506 2357 554 2396; x_wconf 87' lang='lat' dir='ltr'>et</span> <span class='ocrx_word' id='word_1_186' title='bbox 590 2348 683 2396; x_wconf 90' lang='lat' dir='ltr'>alia</span> <span class='ocrx_word' id='word_1_187' title='bbox 722 2347 956 2395; x_wconf 83' lang='lat' dir='ltr'>nonnulla</span> <span class='ocrx_word' id='word_1_188' title='bbox 995 2348 1104 2396; x_wconf 94' lang='lat' dir='ltr'>loca</span> <span class='ocrx_word' id='word_1_189' title='bbox 1119 2385 1132 2410; x_wconf 94' lang='lat'>,</span> <span class='ocrx_word' id='word_1_190' title='bbox 1176 2349 1225 2396; x_wconf 93' lang='lat' dir='ltr'>in</span> <span class='ocrx_word' id='word_1_191' title='bbox 1262 2349 1437 2414; x_wconf 90' lang='lat' dir='ltr'>quibus</span> <span class='ocrx_word' id='word_1_192' title='bbox 1476 2350 1618 2399; x_wconf 88' lang='lat' dir='ltr'>factio</span> 
     </span>
    </p>
   </div>
   <div class='ocr_carea' id='block_1_7' title="bbox 197 2490 1677 2731">
    <p class='ocr_par' dir='ltr' id='par_1_7' title="bbox 251 2490 1587 2540">
     <span class='ocr_line' id='line_1_27' title="bbox 251 2490 1587 2540; baseline -0.001 -9"><span class='ocrx_word' id='word_1_193' title='bbox 251 2494 291 2532; x_wconf 78' lang='lat'>¹.</span> <span class='ocrx_word' id='word_1_194' title='bbox 321 2491 495 2531; x_wconf 89' lang='lat' dir='ltr'>Pendant</span> <span class='ocrx_word' id='word_1_195' title='bbox 512 2491 549 2530; x_wconf 89' lang='lat' dir='ltr'>le</span> <span class='ocrx_word' id='word_1_196' title='bbox 564 2492 717 2530; x_wconf 72' lang='lat' dir='ltr'>careme</span> <span class='ocrx_word' id='word_1_197' title='bbox 733 2490 782 2528; x_wconf 89' lang='lat' dir='ltr'>de</span> <span class='ocrx_word' id='word_1_198' title='bbox 800 2490 878 2528; x_wconf 90' lang='lat' dir='ltr'>l’an</span> <span class='ocrx_word' id='word_1_199' title='bbox 901 2490 1020 2528; x_wconf 78' lang='lat'><strong>1481.</strong></span> <span class='ocrx_word' id='word_1_200' title='bbox 1046 2490 1218 2538; x_wconf 77' lang='lat' dir='ltr'>Molinet,</span> <span class='ocrx_word' id='word_1_201' title='bbox 1238 2500 1266 2529; x_wconf 90' lang='lat' dir='ltr'>t.</span> <span class='ocrx_word' id='word_1_202' title='bbox 1288 2494 1345 2540; x_wconf 91' lang='lat'>11,</span> <span class='ocrx_word' id='word_1_203' title='bbox 1365 2491 1429 2530; x_wconf 89' lang='lat' dir='ltr'>ch.</span> <span class='ocrx_word' id='word_1_204' title='bbox 1450 2505 1587 2530; x_wconf 67' lang='lat' dir='ltr'>zxvm.</span> 
     </span>
    </p>

    <p class='ocr_par' dir='ltr' id='par_1_8' title="bbox 252 2554 914 2605">
     <span class='ocr_line' id='line_1_28' title="bbox 252 2554 914 2605; baseline -0.003 -11"><span class='ocrx_word' id='word_1_205' title='bbox 252 2557 292 2594; x_wconf 79' lang='grc' dir='ltr'>Ξ.</span> <span class='ocrx_word' id='word_1_206' title='bbox 321 2557 414 2603; x_wconf 60' lang='lat' dir='ltr'>Hs„</span> <span class='ocrx_word' id='word_1_207' title='bbox 434 2556 607 2605; x_wconf 78' lang='lat' dir='ltr'>fortune;</span> <span class='ocrx_word' id='word_1_208' title='bbox 630 2554 785 2601; x_wconf 68' lang='lat' dir='ltr'>Matth„</span> <span class='ocrx_word' id='word_1_209' title='bbox 804 2554 914 2604; x_wconf 79' lang='lat' dir='ltr'>sorte.</span> 
     </span>
    </p>

    <p class='ocr_par' dir='ltr' id='par_1_9' title="bbox 197 2615 1677 2731">
     <span class='ocr_line' id='line_1_29' title="bbox 253 2615 1615 2670; baseline 0 -14"><span class='ocrx_word' id='word_1_210' title='bbox 253 2619 291 2656; x_wconf 80' lang='lat'>3.</span> <span class='ocrx_word' id='word_1_211' title='bbox 321 2617 500 2670; x_wconf 85' lang='lat' dir='ltr'>Chapitre</span> <span class='ocrx_word' id='word_1_212' title='bbox 525 2617 702 2670; x_wconf 78' lang='lat' dir='ltr'>imprime</span> <span class='ocrx_word' id='word_1_213' title='bbox 728 2616 823 2656; x_wconf 82' lang='lat' dir='ltr'>dans</span> <span class='ocrx_word' id='word_1_214' title='bbox 853 2616 909 2655; x_wconf 79' lang='lat' dir='ltr'>les</span> <span class='ocrx_word' id='word_1_215' title='bbox 937 2618 1123 2654; x_wconf 80' lang='lat' dir='ltr'>Analecta</span> <span class='ocrx_word' id='word_1_216' title='bbox 1152 2615 1201 2654; x_wconf 90' lang='lat' dir='ltr'>de</span> <span class='ocrx_word' id='word_1_217' title='bbox 1227 2617 1426 2656; x_wconf 82' lang='lat' dir='ltr'>Matthaeus</span> <span class='ocrx_word' id='word_1_218' title='bbox 1458 2626 1495 2656; x_wconf 79' lang='lat' dir='ltr'>et</span> <span class='ocrx_word' id='word_1_219' title='bbox 1521 2618 1615 2657; x_wconf 87' lang='lat' dir='ltr'>dans</span> 
     </span>
     <span class='ocr_line' id='line_1_30' title="bbox 197 2678 1677 2731; baseline 0.001 -14"><span class='ocrx_word' id='word_1_220' title='bbox 197 2678 469 2731; x_wconf 81' lang='lat' dir='ltr'>l’Amplissima</span> <span class='ocrx_word' id='word_1_221' title='bbox 485 2683 664 2720; x_wconf 82' lang='lat' dir='ltr'>collectio,</span> <span class='ocrx_word' id='word_1_222' title='bbox 1670 2688 1677 2695; x_wconf 84' lang='grc'><strong>“</strong></span> 
     </span>
    </p>
   </div>
   <div class='ocr_carea' id='block_1_8' title="bbox 225 2743 561 2845">
    <p class='ocr_par' dir='ltr' id='par_1_10' title="bbox 225 2743 561 2845">
     <span class='ocr_line' id='line_1_31' title="bbox 253 2743 549 2783; baseline 0.007 -2"><span class='ocrx_word' id='word_1_223' title='bbox 253 2744 291 2781; x_wconf 75' lang='lat'>4.</span> <span class='ocrx_word' id='word_1_224' title='bbox 322 2743 549 2783; x_wconf 85' lang='lat' dir='ltr'>Dordrecht.</span> 
     </span>
     <span class='ocr_line' id='line_1_32' title="bbox 225 2803 561 2845; baseline 0.006 -3"><span class='ocrx_word' id='word_1_225' title='bbox 225 2832 230 2836; x_wconf 87' lang='lat'><em>-</em></span> <span class='ocrx_word' id='word_1_226' title='bbox 253 2807 291 2842; x_wconf 80' lang='lat'>5.</span> <span class='ocrx_word' id='word_1_227' title='bbox 322 2803 561 2845; x_wconf 84' lang='lat' dir='ltr'>schoonove.</span> 
     </span>
    </p>
   </div>
  </div>
 </body>
</html>
