2060 3392
752 305 900 342 Lmen
927 304 1128 342 munus.
1570 303 1646 340 2⁸7

234 399 380 457 tionis
388 412 537 463 quam
557 413 608 445 se
627 395 692 445 ad
705 411 818 443 eum
832 394 1179 441 destinaturum
1194 391 1286 440 sibi
1298 408 1383 456 per
1398 391 1593 438 nuntios
1603 401 1650 438 et

232 476 455 551 epistolas
495 475 761 530 intimarat,
794 481 979 538 partem
1009 469 1258 535 copiarum
1288 483 1486 516 suarum
1522 467 1651 515 clan-

234 547 345 605 culo
371 554 588 615 miserat,
613 550 759 601 veluti
785 548 848 598 ad
869 546 1105 613 oppidum
1129 545 1357 607 Conchis,
1375 547 1652 609 Passeyurn¹

233 641 284 682 et
301 630 559 681 nonnullas
579 629 936 677 circumstantes
955 624 1089 672 villas
1105 623 1317 690 ,procul
1343 622 1495 671 dubio
1510 639 1566 672 ea
1583 623 1655 670 in·

233 708 446 759 tentione
469 717 523 756 ut
554 705 785 755 eumdem
801 720 943 752 suum
968 716 1250 766 germanum
1269 701 1320 749 in
1345 701 1528 766 oppido
1548 701 1650 762 illo,

234 787 285 836 in
299 802 400 852 quo
419 785 654 844 adstabat,
668 783 884 848 undique
898 782 1270 845 circumseptum
1283 789 1478 845 repente
1498 796 1657 843 aggre-

234 863 428 913 deretur
461 873 510 912 et
539 862 792 912 obsidione
826 859 1040 909 vallaret.
1075 854 1237 918 Quod'
1255 872 1371 906 sane
1407 857 1656 922 impletum

234 939 420 998 fuisset,
444 940 535 989 nisi
555 937 686 988 idem
706 937 805 986 dux
830 935 1135 985 Normanniae
1151 950 1239 1000 per
1267 949 1359 982 nos
1386 943 1436 982 et
1459 949 1657 982 venera·

234 1015 382 1067 bilem
397 1015 636 1067 decanum
657 1014 1129 1079 Rothomagensem’,
1149 1013 1234 1078 qui
1254 1013 1399 1062 etiam
1418 1012 1514 1059 illio
1535 1022 1654 1074 erat,

235 1094 298 1144 de
317 1095 461 1145 tantis
476 1094 660 1143 insidiis
673 1102 723 1142 et
737 1091 862 1140 dolis
883 1101 1027 1155 atque
1050 1090 1272 1157 periculis
1294 1089 1468 1138 certior
1489 1089 1656 1151 sactus,

235 1183 421 1228 mature
448 1172 512 1222 ad
538 1181 746 1220 castrum
765 1168 1124 1218 Pontia-Archa¹
1153 1168 1348 1231 vestigia
1378 1168 1655 1215 retorsisset.

236 1253 386 1300 Erant
402 1251 534 1304 enim
551 1250 686 1314 juxta
704 1263 818 1298 eum
837 1247 1076 1309 nonnulli,
1094 1246 1156 1295 de
1177 1245 1354 1311 quibus
1367 1246 1546 1294 caet'eris
1566 1256 1662 1292 am·

237 1329 364 1395 plius
391 1327 637 1377 confidere
662 1325 932 1387 videbatur,
965 1325 1048 1390 qui
1079 1323 1359 1390 hujusmodi
1378 1323 1661 1372 insidiarum

238 1415 288 1455 et
311 1405 535 1455 fraudum
554 1404 618 1454 ab
640 1421 700 1453 eo
722 1405 972 1453 notionem
993 1412 1137 1466 atque
1160 1401 1307 1451 fidem
1339 1401 1450 1451 totis
1478 1399 1662 1449 viribus

239 1495 450 1534 avertere
482 1484 800 1546 conabantur,
834 1499 959 1549 quos
991 1481 1245 1531 verisimile
1279 1487 1352 1529 est
1386 1481 1528 1529 etiam
1570 1480 1662 1527 hu-

234 1562 448 1627 jusmodi
472 1561 753 1610 insidiarum
788 1570 932 1626 atque
956 1558 1419 1609 medicamentorum
1444 1558 1663 1605 conscios

239 1649 288 1689 et
306 1640 560 1706 participes
580 1639 808 1687 exstitisse
826 1639 858 1685 ³.

282 1750 285 1752 -
308 1717 446 1767 Unde
461 1732 574 1766 cum
588 1717 812 1766 instantia
826 1723 988 1763 nostra
1003 1723 1050 1761 et
1071 1713 1252 1780 praefati
1269 1713 1454 1761 domini
1473 1711 1661 1771 decani,

295 1827 336 1872 4.
365 1828 539 1869 eonehes
559 1838 599 1868 et
615 1828 938 1880 Pany-sur-Eure.

297 1894 335 1933 2.
366 1891 520 1931 nicolas
533 1890 706 1939 nubam,
720 1891 796 1930 cite
810 1881 1113 1929 dansl'flistoire
1130 1888 1180 1927 de
1194 1887 1313 1928 Lcuis
1330 1888 1404 1935 Χῖ,
1420 1895 1450 1925 t.
1465 1888 1520 1935 11,
1538 1897 1578 1940 pa
1598 1884 1664 1928 36.

297 1958 334 1996 3.
365 1954 532 1995 Thomas
553 1953 669 1993 Rasin
691 1967 848 1994 nomme
865 1952 1181 1992 dans-l‘mstoire
1203 1951 1254 1990 do
1274 1951 1471 1991 Louisssxl
1504 1950 1562 1989 las
1590 1950 1668 1988 sei-⁴

243 2030 385 2070 gneurs
409 2017 463 2058 du
487 2017 596 2058 Beuil
625 2024 663 2056 et
692 2016 742 2057 de
768 2016 1009 2064 Chaumont;
1037 2023 1077 2054 8ι
1090 2014 1118 2064 j’
1121 2015 1158 2054 ai
1176 2014 1351 2067 exprime
1369 2013 1465 2053 dans
1483 2026 1561 2052 une
1578 2022 1670 2052 note

243 2072 423 2123 combien
457 2089 557 2119 cette
585 2079 805 2123 accusation
842 2092 903 2118 me
937 2077 1137 2133 paraissait
1162 2090 1238 2130 peu
1262 2075 1470 2130 probable,
1498 2090 1521 2114 a
1556 2088 1670 2115 cause

244 2140 311 2181 des
332 2142 506 2195 rigueurs
525 2142 620 2182 dont
633 2139 690 2183 les
708 2141 811 2181 deux
829 2141 973 2181 memes
992 2145 1251 2195 ‘personnages
1269 2140 1398 2178 furent
1417 2137 1549 2186 l'objet
1566 2132 1615 2176 (18
1633 2137 1670 2175 la

243 2209 331 2257 part
346 2204 400 2243 du
418 2204 491 2255 roi,
512 2207 624 2257 apres
642 2210 696 2257 qu
696 2204 736 2245 ’il
755 2210 822 2244 eut
839 2203 1027 2243 recouvre
1044 2204 1082 2242 la
1099 2201 1334 2242 normandia
1350 2203 1396 2250 (ι.
1412 2195 1476 2248 ῘΙ,
1497 2210 1537 2252 p.
1563 2202 1635 2238 ¹531
1627 2203 1667 2249 ι).

243 2266 468 2319 &pendant
490 2267 558 2315 j'ai
586 2268 723 2307 trouve
745 2267 881 2320 depuis
905 2267 943 2306 la
965 2276 1112 2318 preuve
1129 2277 1220 2318 que,
1239 2264 1335 2304 dans
1358 2264 1396 2302 18
1419 2270 1669 2302 commence-

245 2338 351 2370 ment
377 2329 430 2370 du
455 2328 553 2370 moi's
585 2330 669 2371 de
655 2330 808 2380 Janvier
830 2330 959 2379 1466,
983 2331 1038 2370 Μ.
1062 2328 1112 2369 (18
1129 2326 1358 2369 Chaumont²
1348 2327 1519 2380 (Pierre
1536 2326 1669 2366 d‘-Am

245 2394 372 2446 boise)
388 2396 584 2448 intr-iguait
602 2396 886 2435 effectivement
904 2394 1000 2434 dans
1026 2394 1065 2435 le
1088 2407 1176 2434 sens
1204 2393 1257 2434 du
1281 2393 1340 2433 roi
1364 2406 1436 2449 par
1459 2391 1613 2444 quelqu
1618 2405 1670 2431 un

247 2447 296 2496 (18
313 2460 355 2496 sa
372 2458 519 2498 maison
537 2472 591 2511 qu
592 2457 630 2498 'il
649 2458 753 2499 avait
770 2458 923 2512 envoye
941 2460 963 2496 a
981 2449 1155 2497 Orleans.
1180 2459 1264 2506 Que
1283 2454 1474 2508 signifient
1494 2451 1562 2493 des
1584 2454 1668 2492 faits

248 2518 279 2557 sl
295 2519 638 2561 contradictoires?
655 2518 711 2560 M.
730 2518 780 2560 (18
794 2520 1014 2560 Chaumtmt
1032 2527 1071 2557 et
1086 2518 1183 2557 Jean
1201 2515 1250 2556 (18
1268 2516 1374 2555 Beuil
1393 2528 1419 2556 n
1421 2514 1623 2554 ⁹-auraient
1624 2515 1672 2552 ils

249 2582 310 2620 8ι8
328 2584 508 2634 exceptes
525 2583 574 2622 de
590 2584 614 2622 l'
617 2583 794 2623 amnistie
811 2582 991 2635 generale
1008 2589 1086 2633 que
1107 2593 1207 2633 pour
1231 2579 1269 2618 n’
1273 2580 1382 2618 avoir
1398 2591 1467 2630 pas
1487 2586 1578 2616 tenu
1604 2577 1672 2614 des

250 2654 518 2696 engagements
539 2655 681 2686 secr-ets
706 2661 760 2699 qu
761 2647 819 2686 11s
843 2646 998 2685 avaient
1021 2645 1101 2698 pris
1131 2657 1227 2684 avec
1257 2643 1375 2683 Louis
1392 2644 1475 2689 XI,
1504 2654 1555 2678 ou
1581 2639 1671 2678 bien

250 2713 349 2745 cette
375 2707 577 2760 exception
603 2703 750 2747 {ht-elle
776 2716 853 2748 une
880 2704 1112 2748 satisfactum
1144 2704 1296 2746 donnec
1324 2706 1344 2743 a
1369 2703 1406 2742 la
1432 2701 1574 2741 vindic
1566 2711 1600 2739 8
1620 2698 1671 2738 du

251 2767 326 2807 duc
344 2766 392 2807 de
409 2769 612 2821 Bretagne‚
631 2778 707 2822 que
723 2780 787 2810 ces
805 2771 1001 2822 seigneurs
1019 2769 1173 2808 avaient
1190 2767 1392 2821 supplantk
1410 2765 1505 2805 dans
1519 2764 1557 2802 la
1576 2770 1669 2801 con-

252 2831 373 2870 fiance
391 2832 441 2870 du
465 2832 540 2871 duc
558 2833 607 2871 de
623 2833 882 2873 Normandie?
897 2833 998 2880 Quoi
1010 2841 1063 2883 qu
1065 2832 1103 2870 ’11
1127 2843 1175 2870 en
1192 2830 1284 2877 soit,
1299 2826 1323 2867 1’
1327 2834 1379 2868 nn
1400 2829 1466 2866 des
1484 2826 1669 2878 premiers
