2060 3392
454 324 530 362 sto
814 323 1156 363 fflsromARUM
1182 323 1420 363 Lunovlct
1447 325 1503 362 xl

455 420 597 472 tarat,
639 410 701 459 ad
742 410 947 475 patriam
980 424 1115 457 suam
1155 410 1421 459 Clivensem
1457 411 1719 476 profectus,
1757 428 1869 463 auo·

453 488 671 536 rutheros
692 487 839 551 ferme
870 503 1037 534 omnes
1067 487 1309 536 mitterent
1332 487 1394 536 ad
1421 488 1653 552 quasdam
1674 488 1870 539 arbores

452 566 761 616 succidendas
795 575 844 613 et
871 565 934 612 ad
961 565 1199 614 civitatem
1221 566 1500 616 deferendas
1528 584 1618 633 pro
1643 567 1870 617 munitio-

452 644 592 692 nibus
625 653 871 709 portarum
903 652 950 690 et
979 644 1211 692 moenium
1228 682 1241 707 ,
1277 654 1495 712 tempore
1531 655 1579 695 et
1624 646 1734 694 loco
1777 647 1868 711 pro

451 721 625 788 quibus
663 719 714 768 id
747 721 1063 768 necessarium
1098 738 1198 771 esse
1224 731 1411 788 posset,
1453 732 1597 786 atque
1625 723 1770 771 etiam
1805 721 1867 771 ad

449 798 693 847 machinas
733 807 782 846 et
816 800 1177 863 propugnacula
1215 799 1528 848 fabrificanda
1541 802 1569 848 ¹.
1621 799 1894 864 Simulque,

448 878 590 926 etiarn
618 876 776 924 evenit
810 885 864 924 ut
887 877 977 942 ipsi
1009 878 1200 942 tyranni
1227 894 1396 927 omnes
1423 896 1536 927 cum
1574 877 1775 927 domino
1805 877 1867 927 de

449 956 712 1021 Montfort,
745 970 892 1021 penes
927 970 1071 1019 quem
1102 956 1310 1005 maxima
1345 957 1490 1005 totius
1519 956 1737 1004 factionis
1769 972 1867 1005 ma-

446 1032 591 1080 nebat
626 1042 743 1080 tunc
772 1033 1050 1095 auctoritas,
1082 1034 1133 1081 in
1161 1051 1313 1082 unum
1336 1035 1649 1083 convenirent
1678 1034 1728 1082 in
1756 1033 1866 1082 loco

443 1109 692 1176 capitulari
727 1109 932 1158 ecclesiae
970 1111 1122 1158 sancti
1161 1112 1367 1160 Martini.
1413 1112 1578 1159 Solent
1607 1110 1739 1171 enim
1774 1109 1866 1158 sre-

442 1199 643 1254 quenter
663 1189 900 1238 solemnes
922 1198 970 1238 et
990 1206 1080 1255 pro
1102 1190 1399 1254 gravioribus
1414 1190 1567 1239 causis
1580 1189 1727 1237 totius
1747 1188 1868 1236 civi-

440 1268 547 1316 tatis
567 1268 662 1315 illic
689 1266 917 1316 celebrari
947 1277 1228 1315 conventus.
1253 1268 1398 1327 Quod
1421 1285 1535 1316 cum
1564 1266 1867 1330 agnovissent

440 1347 523 1410 qui
556 1346 617 1394 de
642 1345 973 1410 conjuratione
1005 1354 1165 1408 erant,
1202 1347 1323 1394 ostia
1351 1345 1566 1411 ejusdem
1597 1344 1868 1410 capitularis

439 1424 556 1472 aulae
598 1423 660 1471 de
703 1422 816 1471 foris
857 1423 1129 1471 clauserunt
1142 1460 1156 1481 ‚
1203 1434 1345 1489 atque
1389 1424 1517 1472 illico
1565 1421 1867 1471 currentibus

440 1501 728 1567 quibusdam
751 1517 838 1566 per
858 1501 989 1548 vicos
1011 1501 1235 1560 civitatis,
1263 1502 1346 1565 qui
1368 1518 1537 1567 pacem
1558 1518 1671 1549 cum
1688 1517 1865 1564 magno

438 1581 756 1630 acclamarent
787 1579 1020 1640 tumultu,
1048 1578 1414 1627 adventantibus
1443 1588 1490 1626 et
1523 1579 1783 1643 conjuratis
1812 1578 1864 1627 in

438 1674 612 1722 magna
648 1657 824 1704 civium
854 1655 1159 1704 multitudine
1196 1656 1258 1704 ad
1293 1673 1600 1704 communem
1626 1656 1860 1722 plateam,

439 1752 543 1801 quae
570 1743 640 1782 est
662 1750 815 1799 prope
837 1733 1042 1780 domum
1062 1733 1362 1796 consulatus,
1390 1733 1453 1782 ad
1484 1734 1642 1781 statim
1670 1742 1772 1781 tota
1795 1732 1865 1780 ci-

434 1814 554 1861 vitas
587 1813 638 1860 in
676 1812 821 1860 armis
854 1811 969 1870 fuit,
1013 1809 1337 1874 obseratisque
1382 1811 1584 1858 civitatis
1627 1811 1777 1875 portis
1817 1820 1865 1858 et

438 1890 702 1952 moenibus,
749 1899 802 1937 ut
841 1889 1092 1937 necessitas
1130 1888 1361 1937 suadebat
1375 1925 1387 1948 ,
1435 1888 1711 1950 custoditis,
1738 1889 1864 1954 capti

440 1970 569 2017 fuere
593 1969 785 2034 tyranni
807 1984 1003 2029 omnes,
1029 1976 1077 2014 et
1102 1966 1263 2031 (quod
1292 1967 1431 2015 valde
1455 1966 1760 2029 mirandum,
1796 1977 1864 2015 at-

440 2048 580 2095 tentis
607 2046 870 2094 innumeris
904 2061 1039 2110 paene
1064 2044 1199 2093 malis
1235 2062 1339 2109 quae
1370 2045 1547 2092 civitati
1575 2060 1633 2092 ac
1663 2045 1752 2092 toti
1773 2060 1863 2109 po-

437 2126 554 2191 pulo
576 2123 867 2186 intulerant)
886 2123 1012 2188 ipsos
1039 2133 1203 2188 captos
1227 2123 1277 2169 in
1300 2122 1428 2170 dicto
1450 2122 1697 2188 capitulari
1720 2122 1830 2169 loco
1844 2158 1857 2183 ,

438 2203 489 2250 in
512 2220 610 2268 quo
636 2204 823 2250 fuerant
848 2201 1087 2262 conclusi,
1113 2200 1310 2265 pacifice
1338 2200 1400 2248 ad
1421 2210 1611 2265 portam
1632 2199 1857 2261 civitatis,

440 2297 544 2344 quae
574 2291 746 2329 sanctae
768 2279 1032 2327 Catharinae
1064 2278 1344 2343 appellatur,
1376 2277 1704 2338 adduxerunt,
1737 2286 1786 2324 et
1810 2277 1859 2323 in

440 2374 680 2406 carcerem
718 2358 1019 2406 detruserunt
1035 2392 1048 2418 ‚
1074 2355 1266 2402 nemine
1292 2371 1461 2403 eorum
1490 2371 1610 2402 caeso
1641 2363 1724 2402 aut
1755 2371 1862 2420 per-

441 2452 596 2483 cusso.
625 2439 803 2484 Revera
823 2436 953 2483 enim
963 2437 994 2496 ²,
1019 2443 1073 2481 ut
1095 2433 1326 2495 diximus,
1351 2450 1453 2481 non
1478 2433 1788 2481 ostenderunt
1811 2448 1861 2479 se

441 2529 540 2560 esse
561 2513 783 2561 homines
811 2511 1166 2576 sanguinarios,
1203 2511 1336 2576 quod
1358 2521 1518 2559 tamen
1547 2511 1597 2558 in
1621 2511 1860 2576 plerisque

440 2591 733 2653 civitatibus,
764 2591 959 2655 quando
995 2589 1111 2638 tales
1149 2588 1404 2637 seditiones
1429 2598 1711 2652 exsurgunt,
1745 2591 1864 2636 eon-v

439 2670 618 2732 tingere
641 2685 762 2734 saepe
787 2669 942 2716 visum
961 2677 1046 2716 est.

495 2785 533 2821 1.
564 2782 764 2820 Matthaeus
783 2781 1043 2832 fabricanda&

494 2848 532 2883 2.
563 2845 763 2884 Matthaeus
781 2853 872 2883 tum·
