2060 3392
671 624 1196 696 APOLOGIA.

237 822 379 849 mmm·
397 825 614 850 tuomum!
631 826 672 850 IN
693 825 909 852 Amnocuu
930 828 1080 862 TBOMAE,
1099 816 1377 853 Aucmm’lscoti
1398 828 1652 863 czsnuusxs,

313 907 479 932 »mnu
502 907 667 933 nlscorl
696 908 941 934 Lssxovnmsm
955 926 966 944 ‚
998 909 1048 934 An
1064 909 1251 942 QumAu
1275 909 1424 936 mcv!
1449 911 1564 937 SUUM.

302 1103 499 1167 Rogavit
517 1119 606 1151 nos
627 1104 795 1152 caritas
813 1114 912 1165 tua,
933 1102 1201 1151 dulcissime
1216 1102 1266 1149 in
1286 1102 1472 1150 Christo
1493 1102 1651 1165 frater,

237 1185 312 1238 ut,
344 1177 559 1225 fraternae
581 1179 922 1226 consolationis
947 1178 1094 1242 gratia
1115 1187 1256 1242 atque
1281 1178 1652 1239 exercitationis,

235 1254 400 1301 litteris
440 1255 651 1318 digerere
681 1256 910 1325 vellemus
942 1266 1114 1303 nostrae
1143 1271 1308 1303 causas
1334 1266 1476 1320 atque
1505 1273 1657 1303 excu—

236 1333 442 1380 sationes
468 1343 566 1380 tam
593 1331 866 1399 longinquae
892 1335 1285 1400 peregrinationis
1313 1344 1383 1396 et,
1410 1345 1462 1382 ut
1488 1336 1658 1400 vulgus

236 1410 463 1457 {estimare
496 1411 638 1470 solet,
670 1412 847 1472 exsilii3
885 1413 1159 1460 occasiones
1186 1427 1380 1476 quoque
1409 1422 1456 1459 et
1488 1412 1657 1460 condi-

236 1482 391 1530 tiones
408 1484 710 1544 earumdem3
733 1485 874 1532 simul
895 1486 1038 1533 etiam
1063 1484 1239 1550 quibus
1259 1483 1508 1549 adjutoriis
1529 1485 1652 1547 freti,

235 1557 410 1622 quibus
427 1558 578 1605 innixi
600 1559 799 1619 auxiliis,
819 1559 937 1621 haec,
963 1576 1070 1623 quae
1088 1560 1360 1607 communis
1381 1560 1656 1607 mortalium

234 1634 487 1683 hominum
507 1637 672 1701 opinio
690 1637 982 1698 calamitosa,
1006 1637 1128 1685 dura
1148 1647 1195 1684 et
1211 1653 1379 1702 aspera
1392 1637 1541 1695 ducit,
1558 1647 1657 1684 tam

234 1711 336 1760 laete
348 1723 396 1760 et
408 1713 619 1776 jucunde
633 1714 739 1777 (uti,
753 1714 840 1760 Dei
853 1714 1064 1762 donante
1078 1715 1422 1773 misericordia,
1440 1714 1657 1778 facimus)

235 1788 441 1852 perferre
450 1791 744 1853 potuerimus
754 1799 801 1836 et
808 1791 1059 1854 possimus.
1075 1793 1196 1837 Cum
1206 1791 1336 1837 enim
1348 1790 1657 1838 deterrimum

236 1865 481 1913 infortunii
517 1883 663 1929 genus
696 1868 755 1913 sit
789 1867 928 1914 fuisse
964 1866 1171 1928 felicem,
1209 1877 1256 1914 et
1286 1868 1570 1932 aliquando,
1605 1886 1657 1916 re

238 1953 399 1991 nostra
415 1943 643 1999 incolumi
662 1953 709 1990 et
728 1944 912 2006 integra
930 1944 1243 2008 amplitudine
1259 1955 1401 2009 atque
1415 1944 1658 1994 affluentia

236 2022 570 2086 temporalium
594 2038 755 2067 rerum
781 2038 876 2086 prae
903 2022 1061 2069 multis
1085 2022 1274 2083 similis,
1296 2032 1350 2069 ut
1379 2032 1542 2071 nostra
1566 2033 1653 2083 est,

235 2098 565 2162 professionis,
595 2115 623 2146 a
647 2099 865 2163 plurimis
887 2099 1042 2146 selices
1070 2099 1169 2146 fore
1186 2105 1486 2164 putaremur,
1514 2117 1543 2148 a
1560 2117 1657 2164 qua

234 2175 403 2240 dilapsi
424 2186 470 2222 et
490 2177 632 2223 alieni
650 2176 759 2223 sacti
776 2193 875 2223 esse
893 2176 1181 2236 videremur,
1201 2194 1348 2242 quam
1369 2178 1528 2242 plures
1544 2178 1656 2226 inde

234 2264 477 2318 permotos
489 2264 536 2301 et
551 2254 760 2318 quadam
779 2254 924 2301 veluti
946 2255 1262 2302 admiratione
1285 2271 1539 2320 suspensos
1556 2272 1656 2303 esse

235 2331 344 2378 satis
362 2331 617 2392 credimus,
633 2347 728 2395 qua
745 2332 815 2378 vel
834 2332 1085 2379 occasione
1104 2349 1188 2380 seu
1206 2349 1366 2392 causa,
1390 2333 1548 2398 priore
1568 2350 1657 2380 nos

236 2406 478 2456 deserente
513 2409 728 2469 fortuna,
770 2410 819 2455 in
850 2409 976 2457 hanc
1008 2411 1200 2458 dimersi
1236 2427 1428 2471 sumus;
1461 2427 1656 2475 quoque

236 2483 311 2530 vel
332 2486 558 2548 consilio,
586 2497 726 2551 pacto
748 2503 831 2533 seu
863 2486 1102 2550 adjutorio
1131 2487 1258 2535 hanc
1286 2488 1393 2535 vitae
1414 2504 1579 2535 cursus
1610 2498 1657 2535 et

239 2560 435 2609 fortunae
473 2565 785 2611 mutationem
820 2565 1052 2629 patienter
1084 2575 1131 2613 et
1159 2582 1297 2630 aequo
1339 2566 1501 2614 animo
1537 2566 1656 2613 ferre

238 2638 302 2685 ita
325 2641 574 2703 possimus.
614 2646 787 2688 Verum
815 2652 969 2690 tuaene
993 2644 1198 2690 caritatis
1229 2643 1463 2689 desiderio
1488 2643 1536 2690 in
1560 2642 1656 2690 hoc

238 2713 525 2774 satisfacere,
559 2716 658 2776 vel,
685 2716 855 2763 humili
877 2717 1035 2781 potius
1060 2717 1364 2764 excusatione
1390 2725 1621 2780 praetensa
1638 2753 1651 2777 ,

238 2789 299 2837 ab
329 2790 602 2855 hujusmodi
632 2793 870 2841 scribendi
911 2792 1071 2842 officio
1116 2795 1354 2842 conticere
1393 2803 1439 2840 et
1489 2810 1656 2841 vacare
