2060 3392
480 317 526 354 ¹8
840 315 1182 374 HISTORIARUM
1210 315 1447 354 LUDOVICI
1475 316 1530 354 XI

474 406 673 453 vencula
707 406 807 453 sola
836 421 1046 452 seorsum
1073 403 1251 452 habere
1286 403 1644 469 [colloquium]‚
1678 421 1767 453 nec
1794 404 1886 467 fan,

474 500 627 548 neque
647 484 917 531 honestum.

537 560 680 618 Quod
705 577 815 607 cum
838 559 1167 623 hujuscemodi
1197 560 1353 623 legato
1383 575 1666 624 responsum
1702 561 1886 624 fuisset,

471 638 588 685 dixit
600 655 648 685 se
662 654 760 684 non
774 638 907 685 aliter
924 638 973 683 in
986 637 1222 685 mandatis
1237 653 1266 684 a
1282 653 1390 700 rege
1403 653 1676 701 expressum
1689 638 1886 702 habere,

471 715 554 762 sed
577 715 638 762 ad
661 731 820 778 regem
850 712 1053 762 libenter
1076 731 1126 763 se
1164 715 1421 762 missurum
1458 731 1664 780 eumque
1686 716 1891 782 desuper

469 793 715 839 consulere
739 802 813 851 ut,
837 794 904 839 uti
926 793 1014 858 ipsi
1036 791 1291 858 optabant,
1311 791 1400 840 sibi
1427 791 1528 840 fieri
1548 794 1771 858 placeret.
1798 797 1889 844 Ex-

468 870 695 934 spectavit
716 870 876 934 itaque
899 886 985 935 per
1005 870 1187 935 aliquot
1201 869 1303 917 dies
1315 869 1532 919 Gandavi
1546 908 1558 931 ,
1587 871 1659 919 sui
1681 860 1887 921 reditum

469 948 621 994 nuntii
643 948 913 1013 opperiens,
931 949 1153 1006 Quicum
1174 949 1219 995 ei
1234 948 1466 996 retulisset
1483 965 1511 996 a
1533 949 1693 1014 priore
1711 951 1888 1016 placito

468 1041 626 1088 regem
649 1025 912 1090 quidquam
925 1026 1178 1073 immutare
1199 1026 1378 1088 nolle¹‚
1406 1026 1458 1073 hi
1471 1042 1585 1074 vero
1602 1027 1788 1091 omnes,
1804 1031 1886 1094 qui

466 1102 755 1150 adsistebant
793 1103 1103 1168 principissae,
1131 1104 1389 1168 cunctique
1430 1104 1513 1168 qui
1546 1104 1642 1152 illic
1667 1105 1728 1153 de
1753 1108 1888 1157 terris

465 1179 678 1243 ejusdem
712 1180 934 1240 aderant,
969 1181 1062 1227 tale
1085 1182 1205 1245 regis
1227 1182 1454 1246 placitum
1473 1219 1485 1243 ,
1509 1191 1741 1246 tanquam
1773 1184 1889 1233 irra-

465 1257 692 1305 tionabile
714 1267 761 1304 et
794 1257 1100 1304 inhonestum
1128 1267 1494 1323 suspectumque
1516 1258 1576 1305 de
1607 1259 1820 1324 nequitia
1841 1271 1888 1310 et

466 1334 598 1396 dolo,
620 1336 1035 1400 perhorrescerent
1051 1345 1192 1399 atque
1208 1336 1515 1383 vehementer
1529 1335 1858 1401 improbarent
1870 1376 1884 1399 ‚

466 1422 658 1477 accepta
678 1413 890 1473 licentia,
912 1412 1040 1459 idem
1063 1413 1244 1476 legatus
1266 1414 1328 1460 ad
1357 1430 1468 1460 eum
1492 1413 1576 1477 qui
1596 1430 1646 1460 se
1667 1414 1883 1475 miserat,

465 1490 642 1538 infecto
666 1508 859 1556 prorsus
888 1491 1104 1554 negotio,
1124 1502 1346 1538 ‘reversus
1371 1501 1442 1539 est.
1458 1493 1487 1537 ².

530 1569 635 1615 Fuit
670 1578 829 1615 autem
850 1578 897 1615 et
929 1569 1021 1615 alia
1059 1568 1231 1631 legatio
1264 1585 1320 1615 ex
1343 1578 1476 1633 parte
1506 1570 1796 1636 principissae
1837 1581 1887 1621 et

466 1650 683 1695 Statuum
694 1656 926 1694 terrarum
935 1662 1128 1694 suarum
1139 1646 1201 1694 ad
1209 1663 1368 1710 regem
1379 1649 1668 1696 transmissa.
1679 1649 1768 1697 Cui
1775 1665 1886 1699 cum

466 1741 546 1771 rex
570 1724 689 1770 nihil
706 1724 870 1789 paucis
882 1726 896 1748 ³
910 1740 1121 1770 annuere
1141 1724 1298 1785 vellet,
1322 1724 1411 1771 nisi
1435 1724 1582 1773 filiola
1596 1742 1699 1788 sua,
1715 1742 1886 1775 eorum

466 1802 771 1867 principissa,
797 1800 896 1847 filio
922 1817 1010 1848 suo
1035 1801 1428 1866 desponsaretur,
1459 1802 1812 1868 habereturque
1834 1813 1887 1853 ut

466 1879 700 1942 legitimus
720 1888 850 1926 tutor
866 1878 964 1939 sui,
987 1894 1275 1942 suarumque
1288 1888 1522 1926 terrarum
1530 1880 1728 1928 tutelam
1745 1888 1888 1943 atque

522 2058 561 2094 1.
590 2058 644 2093 La
668 2054 822 2092 version
846 2053 894 2092 de
917 2053 1134 2092 Commines
1154 2062 1211 2092 est
1229 2054 1315 2106 plus
1341 2054 1522 2106 croyable
1542 2070 1551 2093 ε
1579 2073 1597 2090 α
1618 2055 1774 2094 Maistre
1798 2055 1886 2095 Oli-

467 2119 616 2159 vien...
644 2117 749 2155 avoit
767 2115 1011 2154 commission
1040 2115 1087 2153 de
1113 2116 1210 2154 faire
1236 2118 1259 2154 a
1286 2116 1568 2156 mademoiselle
1586 2118 1635 2156 de
1658 2120 1886 2170 Bourgogne

467 2193 635 2221 aucunes
646 2187 951 2218 remonstrances
966 2180 988 2216 a
1002 2187 1104 2230 part,
1119 2179 1212 2218 affin
1222 2180 1381 2230 qu'elles
1394 2193 1435 2218 se
1449 2180 1607 2219 voulsist
1623 2189 1768 2221 mectre
1776 2189 1887 2220 entre

468 2245 522 2282 les
542 2243 665 2287 mains
685 2241 738 2279 du
758 2254 845 2292 roy.
865 2241 954 2279 Cela
971 2240 1124 2279 n'estoit
1144 2235 1253 2293 point
1277 2254 1318 2280 sa
1341 2241 1567 2294 principalle
1585 2241 1727 2296 charge
1741 2270 1753 2290 ‚
1775 2254 1842 2283 car
1859 2242 1886 2285 il

468 2305 644 2345 doubtoit
659 2303 750 2342 bien
775 2316 850 2354 que
875 2305 896 2341 a
919 2311 1030 2355 grant
1050 2303 1163 2354 peine
1186 2303 1213 2341 il
1231 2303 1407 2355 pourroit
1423 2304 1550 2355 parler
1566 2306 1590 2342 a
1607 2304 1680 2343 elle
1697 2304 1803 2348 seule
1816 2333 1829 2353 ‚
1849 2314 1888 2348 et

468 2381 566 2421 que,
589 2367 648 2405 s’il
665 2380 691 2417 y
709 2366 869 2417 pai-lost,
889 2365 920 2403 si
937 2378 987 2404 ne
1005 2365 1042 2403 la
1067 2365 1278 2416 scauroit-il
1303 2365 1438 2418 guider
1471 2367 1494 2404 a
1521 2378 1566 2406 ce
1592 2365 1687 2418 qu’il
1714 2365 1883 2407 de'siroit.

467 2430 563 2469 Mais
589 2429 616 2468 il
643 2428 748 2466 avoit
770 2427 973 2467 entencion
1005 2427 1098 2478 qu'il
1129 2427 1241 2466 feroit
1267 2428 1360 2466 faire
1389 2430 1412 2466 a
1441 2436 1544 2470 ceste
1575 2427 1668 2467 ville
1693 2427 1743 2467 de
1774 2428 1886 2468 Gand

467 2492 633 2544 quelque
649 2498 761 2542 grant
779 2489 986 2528 mutacion.
1003 2506 1020 2523 »
1042 2488 1152 2537 (Liv.
1177 2491 1221 2536 V,
1241 2489 1354 2542 chap.
1377 2493 1477 2539 nv.)
1493 2493 1550 2529 En
1571 2490 1663 2530 effet
1678 2490 1708 2529 il
1724 2490 1815 2530 (etait
1833 2490 1887 2531 du

467 2567 582 2607 pays,
605 2554 655 2591 ne
676 2555 699 2590 a
715 2553 839 2591 Thielt
861 2553 949 2604 pres
974 2551 1022 2590 de
1039 2553 1234 2600 Courtrai,
1257 2562 1295 2592 et
1319 2553 1477 2605 pouvait
1493 2553 1617 2592 croire
1645 2553 1739 2605 qu’il
1763 2553 1887 2597 aurait

467 2615 634 2668 quelque
651 2614 778 2653 action
800 2627 866 2653 sur
882 2614 920 2652 la
941 2613 1157 2653 multitude.

499 2710 502 2712 ,
519 2680 557 2717 2.
591 2677 705 2717 Selon
726 2676 963 2724 Commines,
983 2676 1010 2714 il
1029 2676 1183 2715 s’enfuit
1205 2676 1254 2715 de
1272 2677 1383 2717 Gand
1403 2692 1502 2730 pour
1519 2679 1614 2718 aller
1638 2681 1659 2718 a
1687 2681 1882 2733 Tournay,

467 2742 560 2781 dont
581 2742 606 2779 il
625 2753 812 2779 conserva
830 2741 866 2779 la
884 2740 1098 2793 possession
1117 2742 1139 2778 a
1158 2740 1194 2779 la
1216 2743 1372 2780 France.

523 2807 559 2843 3.
591 2808 685 2843 Sans
706 2804 821 2841 doute
831 2817 1000 2854 prorsus-
