2060 3392
413 293 489 330 ³50
979 291 1237 329 nomeu
1251 321 1262 339 ‚

410 380 594 428 verensi
614 389 936 446 exposuerunt
965 380 1206 444 angustias
1229 389 1276 427 et
1297 389 1450 428 metus
1480 381 1530 427 in
1552 381 1743 446 quibus,
1768 381 1834 430 ob

408 458 596 506 servitia
619 474 649 506 a
669 475 719 505 se
740 457 880 505 nohis
901 457 1114 505 exhibita
1137 467 1184 505 et
1207 473 1351 505 causa
1372 459 1540 519 nostri,
1566 469 1702 508 erant
1724 476 1836 508 con-

409 536 558 583 stituti
574 573 587 598 ,
624 551 921 601 pavoresque
947 534 1125 599 quibus
1155 536 1258 583 sine
1292 536 1390 584 ulla
1421 537 1682 585 cessatione
1714 538 1834 587 affli-
1896 528 1901 533 κ

410 612 659 676 gebantur,
680 612 798 660 dum
821 629 921 660 non
939 613 1070 661 aliud
1090 630 1246 678 neque
1262 613 1368 679 ipsi,
1390 630 1545 679 neque
1561 615 1714 662 caeteri
1730 615 1830 679 qui,

409 692 484 739 vel
509 691 763 739 scribendo
785 691 860 739 vel
885 691 947 739 ad
973 708 1063 739 nos
1084 691 1354 753 veniendo,
1377 708 1461 739 seu
1494 709 1722 741 nummos
1747 691 1834 740 de-

410 768 630 831 ferendo,
687 768 830 816 nobis
870 769 1194 817 ministrarant
1208 805 1220 829 ,
1276 769 1326 816 in
1369 769 1469 817 dies
1510 779 1836 836 exspectarent

410 866 556 914 quam
591 849 722 913 quod
768 848 830 896 ad
870 848 1103 913 supplicia
1146 858 1194 895 et
1224 864 1389 914 poenas
1422 865 1511 913 pro
1557 847 1834 913 hujusmodi

409 927 562 975 causis
591 927 695 992 rapi
725 926 955 974 deberent
971 942 997 987 ;·
1013 943 1109 974 una
1141 926 1242 974 sola
1275 926 1351 974 via
1378 926 1467 973 sibi
1506 926 1664 974 afferri
1695 944 1834 993 posse

410 1014 578 1052 contra
607 1004 884 1069 hujusmodi
914 1004 1124 1070 pericula
1155 1004 1444 1064 remedium,
1481 1004 1520 1051 si
1551 1004 1614 1052 ad
1641 1005 1835 1070 placan-

410 1082 528 1129 dum
561 1098 815 1130 accensum
854 1083 904 1129 in
940 1099 1031 1129 nos
1061 1091 1201 1146 atque
1240 1082 1290 1129 in
1328 1098 1378 1130 se
1403 1092 1450 1129 et
1484 1092 1705 1146 caeteros,
1751 1084 1834 1148 qui

410 1159 551 1207 nobis
569 1160 853 1222 servierant,
881 1159 1030 1206 nostri
1057 1175 1200 1207 causa
1238 1159 1453 1206 animum
1484 1160 1665 1223 regium
1683 1197 1696 1222 ,
1731 1177 1832 1208 ces-

410 1235 594 1283 sionem
618 1237 825 1284 ecclesiae
849 1247 1021 1284 nostrae
1054 1235 1207 1283 facere
1235 1236 1493 1295 vellemus,
1525 1236 1602 1282 cui
1625 1235 1685 1282 de
1719 1252 1832 1301 per-

410 1329 528 1361 sona
547 1314 646 1377 regi
665 1324 795 1378 grata
816 1314 1171 1380 provideretur;
1195 1313 1292 1360 hoc
1315 1312 1464 1360 modo
1494 1312 1833 1376 indignationis

410 1391 549 1453 regiae
582 1401 751 1439 contra
785 1408 835 1439 se
866 1402 913 1439 et
946 1393 1106 1457 plures
1142 1391 1261 1439 alios
1295 1391 1524 1438 honestos
1556 1391 1683 1442 cives
1698 1427 1711 1453 ,
1748 1391 1832 1455 qui

410 1467 670 1531 aliquando
705 1469 754 1515 in
794 1469 967 1516 nostris
988 1467 1398 1534 persecutionibus
1419 1467 1560 1515 nobis
1591 1468 1843 1516 ministra-‘

411 1555 538 1607 rant,
564 1546 897 1611 impositorum
919 1545 1034 1605 sibi,
1071 1546 1182 1593 licet
1212 1545 1532 1609 iniquissime,
1577 1545 1830 1610 criminum

411 1622 724 1670 abolitionem
759 1633 806 1670 et
838 1623 1202 1682 exstinctionem
1243 1623 1444 1686 vitaeque
1487 1631 1535 1668 et
1578 1631 1724 1669 status
1758 1623 1830 1670 sui

410 1701 709 1749 securitatem
750 1703 1009 1766 utcumque
1043 1700 1273 1765 consequi
1307 1715 1446 1765 posse
1491 1715 1700 1764 sperare,
1741 1716 1830 1748 no-

410 1778 578 1842 bisque
600 1779 808 1843 qu-ietem
833 1789 885 1839 et.
903 1778 1294 1843 tranquillitatem
1318 1794 1404 1844 per
1428 1777 1524 1824 hoc
1545 1777 1828 1842 parandam,

411 1872 523 1902 cum
544 1856 606 1904 ab
628 1856 860 1922 improbis
877 1855 1168 1904 delatoribus
1187 1865 1234 1902 et
1255 1854 1680 1903 calumniatoribus
1692 1854 1834 1918 hujus

411 1933 479 1980 rei
497 1934 645 1997 gratia
666 1928 909 1999 potissinie
926 1934 1057 1999 apud
1073 1934 1223 1998 regias
1239 1950 1377 1981 aures
1387 1932 1634 1980 calumniae
1649 1941 1834 1980 structae

411 2025 458 2061 et
496 2016 792 2063 concinnatae
828 2015 1081 2063 adversum
1123 2032 1214 2062 nos
1248 2014 1451 2076 fuerint,
1498 2023 1552 2060 ut
1593 2012 1656 2061 ad
1687 2013 1835 2062 eccle-

411 2092 536 2148 siam«
579 2104 792 2141 nostram
835 2110 925 2159 pro
971 2110 1020 2140 se
1072 2102 1155 2140 aut
1197 2109 1394 2140 suorum
1430 2092 1591 2157 aliquo
1636 2091 1850 2157 propin-.

411 2189 620 2237 quorum
641 2175 869 2237 attingere
894 2183 1109 2239 possent;
1148 2173 1395 2220 ecclesiam
1434 2172 1496 2220 ad
1529 2187 1719 2219 causam
1748 2169 1833 2219 ab·

411 2252 570 2299 sentiae
599 2262 769 2299 nostrae
791 2265 986 2317 passam·
1001 2261 1143 2316 atque
1169 2252 1219 2298 in
1252 2251 1354 2298 dies
1381 2251 1479 2316 pati
1518 2260 1565 2297 et
1602 2250 1835 2297 sustinere

412 2329 618 2376 maxima
639 2329 951 2391 detrimenta,
979 2346 1065 2394 per
1094 2327 1190 2376 hoc
1219 2328 1352 2392 quod
1382 2344 1462 2375 rex
1499 2327 1833 2392 temporalium

410 2406 623 2469 ejusdem
637 2444 650 2465 ‚
675 2407 725 2453 in
749 2406 924 2471 quibus
945 2406 1092 2453 ferme
1117 2422 1284 2452 omnes
1313 2405 1415 2469 ejus
1435 2404 1699 2451 consistunt
1720 2403 1834 2468 pross

409 2493 606 2543 ventus,
650 2500 780 2530 nunc
820 2483 906 2530 uni
946 2499 1076 2529 nunc
1118 2483 1281 2543 alteri,
1320 2492 1367 2529 et
1403 2497 1538 2546 paene
1574 2482 1832 2545 quotannis

410 2561 547 2608 novis
574 2560 880 2625 praedonibus
902 2559 1361 2607 administrationem
1379 2558 1633 2623 permittit3
1661 2575 1830 2607 census

408 2647 455 2685 et
480 2639 589 2703 jura
621 2638 827 2685 ecclesiae
866 2638 1061 2685 alienari
1101 2647 1244 2701 atque
1280 2636 1499 2699 distrahi,
1543 2637 1687 2684 silvas.
1722 2653 1827 2684 suc-

409 2717 526 2779 cidi,
552 2716 734 2783 nobjlia
755 2732 954 2781 quaeque
983 2714 1181 2762 aedificia
1211 2731 1268 2762 ex
1292 2724 1425 2779 parte
1444 2714 1544 2779 jam
1566 2715 1615 2761 in
1638 2714 1826 2767 ruinam

409 2795 589 2860 dilapsa
614 2805 755 2858 atque
782 2794 831 2841 in
855 2794 956 2841 dies
986 2792 1187 2856 collabi,
1213 2810 1324 2840 cum
1345 2793 1426 2853 hi,
1452 2792 1626 2857 quibus
1648 2793 1825 2841 reditus
