2060 3392
671 293 816 331 LIBER
843 292 1066 332 smnus.
1277 259 1282 274 Ι
1511 293 1585 330 1δῖ

175 383 521 448 interrogabat,
540 398 739 431 movens
753 381 1064 440 cachinnum,
1089 381 1138 427 iu
1157 396 1267 427 eum
1286 379 1590 430 maledictum

172 465 313 530 jecit,
345 462 640 530 respondens
668 476 888 515 sermone
908 459 1090 523 vulgari
1114 477 1124 505 :
1156 478 1179 504 «
1206 461 1334 506 Vous
1360 469 1480 507 estes
1516 476 1592 505 voz

176 543 350 610 stimat
371 537 682 608 quartae'nes!
709 559 732 583 »
761 547 808 585 et
835 553 947 587 cum
980 536 1120 584 sociis
1152 536 1270 598 suiS,
1300 536 1384 600 qui
1411 551 1510 584 una
1532 537 1594 583 ad

177 619 439 683 'stadum
498 633 659 681 regem
717 614 1047 663 confluxerant
1061 651 1073 675 ,
1132 629 1243 661 eum
1301 613 1591 674 ostenderet,

169 695 344 767 Μ
373 695 440 746 eis
471 713 483 742 z
513 714 536 742 «
567 693 733 741 Videte
763 692 907 741 istum
941 691 1215 754 garcionem
1235 693 1245 716 ¹
1265 725 1277 749 ‚
1320 691 1404 754 qui
1437 706 1597 754 regem

137 781 141 784 ’
175 773 496 845 qiamdixit
509 809 523 835 ,
543 792 567 818 22
597 779 835 836 quotquot
853 768 971 817 illud
993 768 1238 816 audientes
1256 779 1412 828 erant,
1437 769 1600 819 similis

174 849 347 922 'pbri
363 849 670 903 maledicum:
691 849 742 895 in
763 864 875 895 eum
892 845 1218 905 cumulabant,
1243 845 1350 906 sibi,
1371 856 1600 911 tanquam

178 919 382 984 n‘dicuh)
414 923 556 977 {licui
577 927 782 991 ganeoni
795 963 809 988 ‚
834 942 919 991 per
936 925 1082 972 totius
1102 923 1367 972 suburbani
1397 925 1601 990 spatium

176 1006 430 1062 illudentes
446 1015 494 1054 et
515 1015 624 1071 post
645 1021 757 1052 eum
774 1004 1104 1052 acclamantes.

246 1087 302 1139 In
330 1084 567 1150 plerisque
597 1083 741 1131 etiam
770 1082 903 1145 regni
934 1080 1226 1142 civitatibus,
1251 1081 1313 1129 ad
1346 1097 1466 1146 quas
1495 1091 1605 1130 ante

183 1181 289 1212 non*
313 1163 564 1216 ,introierat
579 1198 592 1222 ,
632 1177 745 1209 cum
783 1171 912 1208 totus
946 1159 1153 1226 populus
1195 1176 1281 1224 per
1319 1160 1607 1226 ‘principales

185 1244 365 1310 plateas
400 1241 601 1301 effusus,
638 1257 725 1306 per
765 1256 884 1305 quas
926 1239 1178 1287 transitum
1219 1238 1456 1289 facturum
1495 1256 1605 1286 eum

182 1312 420 1387 speraBat,
449 1319 552 1384 ejus
565 1318 836 1383 jucundum
866 1318 1163 1384 opperiretur
1185 1317 1443 1365 adventum
1465 1317 1608 1382 (quas

183 1398 425 1450 interdum
477 1397 680 1462 desuper
712 1396 914 1443 extensis
961 1395 1158 1442 cortinis
1185 1395 1371 1460 aliaque
1401 1395 1608 1460 pretiosa

181 1476 503 1543 suppellectile
543 1483 854 1535 ornaverant,
881 1483 930 1520 et
957 1473 1007 1520 in
1035 1473 1215 1520 eisdem
1249 1471 1311 1520 ad
1341 1473 1488 1538 ipsius
1524 1473 1612 1521 ho·

184 1569 356 1605 norem
398 1553 553 1602 varias
596 1568 757 1600 rerum
798 1551 1236 1616 repraesentationes
1269 1560 1411 1615 atque
1455 1550 1611 1598 homi-

184 1640 304 1683 num
322 1634 399 1683 vel
423 1632 683 1681 bestiarum
704 1631 955 1678 simulacra
975 1639 1368 1696 composuerant,
1393 1639 1538 1695 prout
1558 1630 1607 1676 in

185 1711 360 1760 talibus
385 1710 589 1777 publicis
620 1707 998 1773 jucunditatibus
1027 1707 1130 1755 fieri
1156 1708 1366 1772 assolet),
1392 1708 1511 1772 ipse,
1533 1708 1610 1754 ci·-

187 1789 342 1846 vitatis
373 1798 564 1853 portam
601 1787 859 1850 ingressus,
890 1802 978 1851 per
1011 1785 1177 1832 devios
1213 1785 1425 1832 tramites
1456 1785 1613 1832 statim

190 1863 434 1931 publicam
463 1865 669 1930 plateam
701 1862 992 1924 declinabat,
1035 1872 1083 1910 et
1121 1862 1183 1910 ad
1226 1862 1490 1928 hospitium
1521 1860 1612 1909 sibi

191 1949 507 2006 praeparatum
542 1938 789 2004 pervenire
805 1975 818 1999 ,
843 1946 1024 2003 quanto
1056 1937 1259 2002 amplius
1285 1947 1494 2003 poterat,
1522 1936 1612 1985 fes-

170 2017 389 2067 tinabat.
418 2016 556 2065 Unde
584 2025 837 2082 propterea
862 2016 912 2062 in
935 2014 1222 2079 quibusdam
1251 2015 1392 2074 lociS‚
1417 2015 1479 2063 ad
1510 2031 1614 2078 quae

190 2095 509 2161 ingressurus¹
534 2094 753 2160 primitus
777 2092 1089 2152 adventabat,
1115 2092 1320 2140 fixerunt
1341 2093 1466 2140 cives
1490 2094 1614 2140 intra

192 2185 355 2242 portas
380 2175 431 2222 in
466 2175 583 2222 vicis
604 2173 876 2222 lateralibus
899 2173 1123 2238 repagula
1142 2173 1406 2235 lignorum,
1439 2189 1500 2219 ne
1530 2189 1616 2238 per

194 2258 390 2309 eosdem
421 2273 520 2306 sese
549 2258 833 2322 porrigeret,
872 2255 955 2303 sed
989 2273 1075 2321 per
1108 2256 1207 2304 vias
1230 2255 1433 2304 famosas
1464 2265 1511 2302 et
1535 2256 1617 2302 in-

196 2336 349 2400 signes
366 2339 614 2399 cogeretur
639 2334 875 2382 incedere.
896 2367 898 2369 »

262 2415 549 2478 Quanquam
579 2423 737 2462 autem
763 2422 919 2476 neque
950 2412 1104 2478 specie
1138 2422 1186 2459 et
1214 2412 1368 2460 forma
1388 2412 1615 2475 eleganti,

200 2509 303 2558 quae
340 2493 483 2556 digna
526 2494 763 2541 videretur
802 2494 1030 2558 imperio,
1072 2510 1227 2558 neque
1264 2493 1381 2541 facie
1419 2493 1622 2540 decorus

201 2584 345 2639 esset,
377 2575 463 2623 fuit
484 2585 642 2629 tamen
673 2577 782 2625 satis
806 2576 991 2641 patiens
1018 2576 1080 2625 ad
1106 2576 1412 2642 perferendos
1434 2575 1622 2629 labores

257 2746 275 2781 ¹
286 2772 296 2782 .
328 2746 475 2792 Gar-con
490 2744 591 2782 avait
606 2745 708 2783 alors
726 2746 763 2783 le
779 2758 866 2783 sens
884 2745 932 2783 de
947 2746 1047 2782 valet
1070 2745 1118 2784 de
1135 2744 1203 2783 bas
1223 2746 1344 2796 etage.

259 2809 297 2846 2.
327 2808 402 2845 Ms.
423 2807 620 2856 ingressus.
