2060 3392
437 232 440 237 ·
512 216 588 254 104
874 217 1218 255 HISTORIARUM
1245 216 1482 255 LUDOVICI
1508 216 1565 252 XI

514 302 803 362 habebatur3
832 310 1144 367 successuque
1174 303 1399 369 temporis
1434 304 1591 350 statim
1625 315 1920 370 compertum

509 390 606 442 est,
633 397 778 445 quam
801 372 1034 429 damnosa
1056 380 1232 428 civitati
1262 381 1397 428 foret.
1433 382 1546 438 Quae
1571 396 1657 445 per
1687 380 1781 429 hoc
1809 398 1924 430 om-

509 460 625 507 nino
654 460 837 525 privata
876 459 963 506 fuit
994 458 1274 507 advectione
1317 459 1526 525 plurium
1563 459 1837 508 victualium
1877 471 1924 510 et

510 537 711 585 aliarum
741 553 899 584 rerum
921 537 1289 586 necessariarum
1304 574 1316 598 ,
1342 553 1461 600 quas
1491 535 1552 583 de
1575 537 1709 584 terris
1731 538 1926 587 Hollan-

509 613 597 660 diae
613 623 660 660 et
683 612 785 660 aliis
803 613 991 659 Austriae
1014 612 1149 661 ducis
1162 651 1175 676 ,
1195 630 1282 680 per
1305 613 1515 669 medium
1534 613 1658 660 illius
1681 614 1894 680 oppiduli
1908 652 1921 677 ,

509 690 856 737 neutralitatem
875 691 1125 752 servantis,
1149 691 1376 756 consequi
1398 700 1724 738 consueverat.

573 769 710 836 Atqui
741 773 853 814 cum
882 767 1159 831 hujusmodi
1193 769 1476 835 oppidulum
1493 806 1505 830 ,
1531 769 1717 816 circiter
1741 784 1926 830 menses

509 855 601 892 tres
615 882 628 906 ‚
657 845 735 892 ille
758 844 1000 905 nitherus,
1022 846 1104 909 qui
1129 847 1286 911 ipsum
1309 846 1375 893 sic
1402 845 1568 893 fraude
1593 846 1922 911 interceperat,

509 933 830 987 cognomento
877 923 1225 972 Zwanenborclc
1239 926 1250 949 ¹
1264 962 1276 985 ,
1322 924 1569 983 tenuisset,
1626 932 1893 988 cunctaque
1909 962 1921 985 ‚

508 1012 555 1049 et
577 1002 626 1048 in
659 1001 838 1066 oppido
867 1011 915 1048 et
936 1002 1329 1066 circumquaque,
1351 1018 1455 1066 quae
1480 1017 1646 1067 rapere
1671 995 1922 1067 potuisset,

508 1089 826 1142 aggregasset,
852 1079 1058 1144 plurima
1094 1079 1285 1138 farcitus
1320 1078 1480 1144 praeda
1513 1089 1561 1126 et
1592 1079 1753 1144 spoliis
1789 1079 1927 1126 mise-

509 1173 691 1218 rorum,
718 1155 918 1203 domino
934 1156 1030 1204 loci
1051 1156 1291 1204 mediante
1306 1159 1337 1218 ²,
1359 1172 1544 1204 summa
1562 1157 1706 1204 trium
1726 1156 1927 1204 millium

509 1235 803 1282 florenorum
822 1235 978 1300 ipsum
997 1235 1280 1300 oppidulum
1302 1235 1519 1295 restituit,
1541 1243 1605 1293 et,
1628 1234 1802 1282 relictis
1820 1236 1929 1281 Tra-

504 1312 795 1377 jectensibus
809 1349 822 1373 ,
849 1310 911 1359 ad
929 1313 1124 1378 propria
1145 1312 1416 1359 remeavit³.

576 1392 671 1437 Nec
702 1406 815 1437 vero
853 1389 1284 1447 Amersfordenses,
1321 1388 1695 1453 Trajectensibus
1725 1388 1928 1453 adgluti-

510 1468 635 1528 nati,
665 1467 808 1515 etiam
830 1483 859 1515 a
879 1466 994 1514 belli
1030 1466 1247 1514 cladibus
1278 1476 1325 1513 et
1357 1466 1454 1527 his,
1481 1483 1586 1531 quae
1617 1466 1729 1514 inde
1758 1483 1930 1532 prove·

511 1544 613 1591 nire
653 1544 808 1591 solent
822 1582 834 1605 ,
877 1544 1074 1592 sinistris
1121 1542 1369 1591 eventibus
1408 1553 1619 1591 exsortes
1659 1553 1925 1592 evaserunt.

511 1623 630 1668 Nam
661 1621 807 1686 paulo
841 1631 952 1668 ante
982 1621 1168 1669 cladem
1188 1637 1217 1668 a
1235 1621 1610 1684 Trajectensibus
1638 1630 1926 1686 susceptam,

510 1698 773 1745 autumnali
792 1708 887 1745 tem
892 1693 1037 1763 pore,¹
1056 1715 1191 1758 cum,
1214 1697 1439 1745 adversus
1455 1698 1616 1746 hostes
1637 1699 1932 1745 incursantes

510 1785 556 1822 et
577 1775 862 1840 populantes
891 1791 1030 1839 agros
1066 1791 1178 1822 suos
1191 1812 1204 1835 ,
1229 1784 1406 1822 temere
1435 1785 1482 1822 et
1515 1775 1710 1823 confuse
1740 1774 1932 1822 exsiliis-

511 1863 640 1914 sent,
667 1869 754 1918 per
777 1853 972 1902 insidias
995 1852 1059 1901 ab
1086 1852 1306 1900 hostibus
1329 1853 1638 1900 circumventi
1652 1889 1665 1915 ,
1692 1852 1932 1900 fortunam

510 1929 625 1976 belli
666 1930 914 1977 adversam
939 1931 1119 1995 experti
1157 1940 1266 1977 sunt
1281 1932 1310 1976 ¹⁰.
1345 1931 1460 1977 Caesi
1497 1931 1626 1977 enim
1651 1930 1842 1977 fuerunt
1871 1928 1932 1977 de

511 2006 695 2054 civibus
718 2007 824 2071 plus
842 2023 989 2071 quam
1013 2007 1227 2067 ducenti,
1249 2018 1296 2055 et
1317 2009 1443 2055 circa
1461 2018 1655 2055 centum
1677 2007 1808 2054 ducti
1825 2021 1933 2072 cap-

508 2084 618 2144 tivi,
647 2100 759 2130 cum
779 2084 985 2148 plurima
1008 2083 1343 2149 praedaboum
1359 2121 1371 2145 ,
1398 2100 1606 2147 quorum
1627 2084 1782 2130 solent
1808 2100 1929 2147 quo-

560 2280 598 2318 1.
629 2277 852 2317 Vincentius
868 2286 948 2317 'vau
966 2277 1035 2317 der
1052 2277 1341 2318 Zwanenborch
1352 2308 1362 2327 ,
1384 2278 1573 2331 capitaine
1586 2278 1634 2317 de
1653 2290 1746 2331 gens
1765 2277 1929 2316 d'armes

506 2353 557 2379 au
575 2340 721 2379 service
739 2341 953 2380 d'Utrecht.

559 2403 599 2441 2.
629 2403 836 2441 Walraven
855 2416 932 2441 van
950 2403 1184 2442 Brederode.
1214 2403 1414 2442 Matthaeus
1433 2416 1454 2442 a
1473 2402 1624 2446 eclairci
1649 2415 1719 2454 par
1741 2402 1807 2441 des
1826 2410 1928 2441 actes

505 2476 550 2502 ce
580 2476 739 2516 passage
762 2464 992 2503 interessant
1022 2478 1122 2516 pour
1145 2465 1330 2503 l'histoire
1357 2464 1601 2517 particuliere
1625 2464 1672 2502 de
1695 2464 1841 2503 Vianen
1856 2492 1867 2511 ,
1891 2471 1929 2501 et

505 2526 606 2564 aussi
624 2540 724 2578 pour
743 2526 925 2565 l'histoire
943 2527 991 2565 de
1010 2527 1292 2566 l’insurrection
1312 2527 1360 2565 de
1383 2529 1478 2566 ¹481
1494 2555 1504 2575 ‚
1526 2527 1688 2579 puisque
1712 2527 1767 2565 les
1786 2525 1928 2565 Brede-

506 2588 600 2626 rode
619 2589 758 2627 etaient
778 2589 830 2627 du
848 2591 973 2627 meme
990 2589 1089 2641 parti
1107 2602 1183 2641 que
1200 2589 1255 2627 les
1273 2589 1494 2637 Trajectins.

564 2651 600 2688 3.
632 2652 683 2688 Ce
705 2650 771 2701 qui
790 2650 864 2688 suit
883 2651 1006 2689 forme
1023 2664 1076 2689 un
1096 2659 1204 2689 autre
1222 2650 1394 2702 chapitre
1413 2651 1507 2690 dans
1524 2650 1740 2691 Matthaeus.

564 2714 602 2751 4.
636 2715 685 2750 22
709 2711 926 2764 septembre
944 2715 1062 2751 1481.
