<?xml version="1.0" encoding="UTF-8"?>
<!DOCTYPE html PUBLIC "-//W3C//DTD XHTML 1.0 Transitional//EN"
    "http://www.w3.org/TR/xhtml1/DTD/xhtml1-transitional.dtd">
<html xmlns="http://www.w3.org/1999/xhtml" xml:lang="en" lang="en">
 <head>
  <title>
</title>
<meta http-equiv="Content-Type" content="text/html;charset=utf-8" />
  <meta name='ocr-system' content='tesseract 3.04.00' />
  <meta name='ocr-capabilities' content='ocr_page ocr_carea ocr_par ocr_line ocrx_word'/>
</head>
<body>
  <div class='ocr_page' id='page_1' title='image "./histoiredesrgn03basiuoft_0158.png"; bbox 0 0 2060 3392; ppageno 0'>
   <div class='ocr_carea' id='block_1_1' title="bbox 448 226 1557 282">
    <p class='ocr_par' dir='ltr' id='par_1_1' title="bbox 448 226 1557 282">
     <span class='ocr_line' id='line_1_1' title="bbox 448 226 1557 282; baseline 0 -2"><span class='ocrx_word' id='word_1_1' title='bbox 448 229 451 234; x_wconf 85' lang='grc'><strong>’</strong></span> <span class='ocrx_word' id='word_1_2' title='bbox 508 243 584 281; x_wconf 76' lang='lat'><strong>108</strong></span> <span class='ocrx_word' id='word_1_3' title='bbox 868 243 1210 282; x_wconf 67' lang='lat' dir='ltr'><strong>ms‘romAnum</strong></span> <span class='ocrx_word' id='word_1_4' title='bbox 1238 226 1475 280; x_wconf 72' lang='lat' dir='ltr'><strong>Lunovicl</strong></span> <span class='ocrx_word' id='word_1_5' title='bbox 1501 243 1557 280; x_wconf 78' lang='lat' dir='ltr'><strong>xl</strong></span> 
     </span>
    </p>
   </div>
   <div class='ocr_carea' id='block_1_2' title="bbox 504 330 1918 458">
    <p class='ocr_par' dir='ltr' id='par_1_2' title="bbox 504 330 1918 458">
     <span class='ocr_line' id='line_1_2' title="bbox 505 330 1918 396; baseline -0.001 -15"><span class='ocrx_word' id='word_1_6' title='bbox 505 333 595 380; x_wconf 92' lang='lat' dir='ltr'><strong>bus</strong></span> <span class='ocrx_word' id='word_1_7' title='bbox 617 332 937 381; x_wconf 86' lang='lat' dir='ltr'>cardinalibus</span> <span class='ocrx_word' id='word_1_8' title='bbox 968 331 1199 378; x_wconf 88' lang='lat' dir='ltr'>committi</span> <span class='ocrx_word' id='word_1_9' title='bbox 1230 346 1349 394; x_wconf 88' lang='lat' dir='ltr'><strong>aegre</strong></span> <span class='ocrx_word' id='word_1_10' title='bbox 1379 330 1711 392; x_wconf 88' lang='lat' dir='ltr'><strong>obtinuerunt,</strong></span> <span class='ocrx_word' id='word_1_11' title='bbox 1743 331 1792 379; x_wconf 93' lang='lat' dir='ltr'><strong>in</strong></span> <span class='ocrx_word' id='word_1_12' title='bbox 1823 344 1918 396; x_wconf 81' lang='lat' dir='ltr'><strong>qua</strong></span> 
     </span>
     <span class='ocr_line' id='line_1_3' title="bbox 504 409 1522 458; baseline -0.002 0"><span class='ocrx_word' id='word_1_13' title='bbox 504 420 639 458; x_wconf 87' lang='lat' dir='ltr'><strong>erant</strong></span> <span class='ocrx_word' id='word_1_14' title='bbox 658 411 731 458; x_wconf 86' lang='lat' dir='ltr'><strong>hae</strong></span> <span class='ocrx_word' id='word_1_15' title='bbox 753 411 931 458; x_wconf 79' lang='lat' dir='ltr'><strong>frivoloe</strong></span> <span class='ocrx_word' id='word_1_16' title='bbox 948 409 1300 456; x_wconf 84' lang='lat' dir='ltr'><strong>criminationes</strong></span> <span class='ocrx_word' id='word_1_17' title='bbox 1322 409 1522 457; x_wconf 66' lang='lat' dir='ltr'><strong>inseroe.</strong></span> 
     </span>
    </p>
   </div>
   <div class='ocr_carea' id='block_1_3' title="bbox 915 620 1501 666">
    <p class='ocr_par' dir='ltr' id='par_1_3' title="bbox 915 620 1501 666">
     <span class='ocr_line' id='line_1_4' title="bbox 915 620 1501 666; baseline 0.002 -1"><span class='ocrx_word' id='word_1_18' title='bbox 915 620 1254 665; x_wconf 84' lang='lat' dir='ltr'><strong>CAPITULUM</strong></span> <span class='ocrx_word' id='word_1_19' title='bbox 1295 621 1501 666; x_wconf 88' lang='lat' dir='ltr'><strong>XXVIII.</strong></span> 
     </span>
    </p>
   </div>
   <div class='ocr_carea' id='block_1_4' title="bbox 504 764 1918 860">
    <p class='ocr_par' dir='ltr' id='par_1_4' title="bbox 504 764 1918 857">
     <span class='ocr_line' id='line_1_5' title="bbox 504 764 1918 814; baseline 0.001 -15"><span class='ocrx_word' id='word_1_20' title='bbox 504 766 555 799; x_wconf 84' lang='lat' dir='ltr'><strong>De</strong></span> <span class='ocrx_word' id='word_1_21' title='bbox 571 773 713 800; x_wconf 81' lang='lat' dir='ltr'><strong>moneta</strong></span> <span class='ocrx_word' id='word_1_22' title='bbox 726 773 832 814; x_wconf 79' lang='lat' dir='ltr'><strong>quam</strong></span> <span class='ocrx_word' id='word_1_23' title='bbox 847 764 1102 812; x_wconf 83' lang='lat' dir='ltr'><strong>Enghelbertus</strong></span> <span class='ocrx_word' id='word_1_24' title='bbox 1118 764 1201 800; x_wconf 86' lang='lat' dir='ltr'><strong>cudi</strong></span> <span class='ocrx_word' id='word_1_25' title='bbox 1213 765 1308 808; x_wconf 86' lang='lat' dir='ltr'><strong>fecit,</strong></span> <span class='ocrx_word' id='word_1_26' title='bbox 1328 774 1361 800; x_wconf 89' lang='lat' dir='ltr'><strong>et</strong></span> <span class='ocrx_word' id='word_1_27' title='bbox 1379 765 1423 800; x_wconf 86' lang='lat' dir='ltr'><strong>de</strong></span> <span class='ocrx_word' id='word_1_28' title='bbox 1441 765 1542 813; x_wconf 80' lang='lat' dir='ltr'><strong>gestis</strong></span> <span class='ocrx_word' id='word_1_29' title='bbox 1560 778 1624 813; x_wconf 83' lang='lat' dir='ltr'><strong>per</strong></span> <span class='ocrx_word' id='word_1_30' title='bbox 1641 778 1738 811; x_wconf 84' lang='lat' dir='ltr'><strong>eum,</strong></span> <span class='ocrx_word' id='word_1_31' title='bbox 1754 774 1858 813; x_wconf 80' lang='lat' dir='ltr'><strong>atque</strong></span> <span class='ocrx_word' id='word_1_32' title='bbox 1873 765 1918 801; x_wconf 88' lang='lat' dir='ltr'><strong>de</strong></span> 
     </span>
     <span class='ocr_line' id='line_1_6' title="bbox 990 821 1424 860; baseline 0 -4"><span class='ocrx_word' id='word_1_33' title='bbox 990 821 1174 856; x_wconf 82' lang='lat' dir='ltr'><strong>obsidione</strong></span> <span class='ocrx_word' id='word_1_34' title='bbox 1190 821 1235 857; x_wconf 87' lang='lat' dir='ltr'><strong>de</strong></span> <span class='ocrx_word' id='word_1_35' title='bbox 1251 822 1424 860; x_wconf 77' lang='lat' dir='ltr'><strong>Yselstein.</strong></span> 
     </span>
    </p>
   </div>
   <div class='ocr_carea' id='block_1_5' title="bbox 484 961 1919 2803">
    <p class='ocr_par' dir='ltr' id='par_1_5' title="bbox 484 961 1919 2571">
     <span class='ocr_line' id='line_1_7' title="bbox 569 961 1919 1026; baseline 0.001 -19"><span class='ocrx_word' id='word_1_36' title='bbox 569 964 679 1009; x_wconf 86' lang='lat' dir='ltr'><strong>Erat</strong></span> <span class='ocrx_word' id='word_1_37' title='bbox 699 961 854 1009; x_wconf 91' lang='lat' dir='ltr'><strong>dictus</strong></span> <span class='ocrx_word' id='word_1_38' title='bbox 879 961 1221 1026; x_wconf 86' lang='lat' dir='ltr'><strong>Enghelbertus</strong></span> <span class='ocrx_word' id='word_1_39' title='bbox 1246 963 1477 1024; x_wconf 91' lang='lat' dir='ltr'><strong>intrusus,</strong></span> <span class='ocrx_word' id='word_1_40' title='bbox 1507 961 1569 1010; x_wconf 89' lang='lat' dir='ltr'><strong>ab</strong></span> <span class='ocrx_word' id='word_1_41' title='bbox 1593 961 1728 1009; x_wconf 91' lang='lat' dir='ltr'><strong>initio</strong></span> <span class='ocrx_word' id='word_1_42' title='bbox 1744 961 1919 1010; x_wconf 81' lang='lat' dir='ltr'><strong>adven-</strong></span> 
     </span>
     <span class='ocr_line' id='line_1_8' title="bbox 503 1039 1913 1105; baseline 0.001 -19"><span class='ocrx_word' id='word_1_43' title='bbox 503 1050 576 1087; x_wconf 92' lang='lat' dir='ltr'><strong>tus</strong></span> <span class='ocrx_word' id='word_1_44' title='bbox 607 1041 678 1086; x_wconf 93' lang='lat' dir='ltr'><strong>sui</strong></span> <span class='ocrx_word' id='word_1_45' title='bbox 713 1039 943 1103; x_wconf 92' lang='lat' dir='ltr'><strong>quamdiu</strong></span> <span class='ocrx_word' id='word_1_46' title='bbox 977 1042 1101 1087; x_wconf 90' lang='lat' dir='ltr'><strong>stetit</strong></span> <span class='ocrx_word' id='word_1_47' title='bbox 1127 1040 1351 1104; x_wconf 89' lang='lat' dir='ltr'><strong>Trajecti,</strong></span> <span class='ocrx_word' id='word_1_48' title='bbox 1381 1041 1430 1087; x_wconf 90' lang='lat' dir='ltr'><strong>in</strong></span> <span class='ocrx_word' id='word_1_49' title='bbox 1454 1039 1602 1087; x_wconf 91' lang='lat' dir='ltr'><strong>domo</strong></span> <span class='ocrx_word' id='word_1_50' title='bbox 1632 1039 1913 1105; x_wconf 87' lang='lat' dir='ltr'><strong>episcopali,</strong></span> 
     </span>
     <span class='ocr_line' id='line_1_9' title="bbox 501 1117 1915 1182; baseline 0 -18"><span class='ocrx_word' id='word_1_51' title='bbox 501 1119 610 1179; x_wconf 92' lang='lat' dir='ltr'><strong>sita,</strong></span> <span class='ocrx_word' id='word_1_52' title='bbox 641 1127 694 1164; x_wconf 90' lang='lat' dir='ltr'><strong>ut</strong></span> <span class='ocrx_word' id='word_1_53' title='bbox 728 1118 874 1165; x_wconf 89' lang='lat' dir='ltr'><strong>moris</strong></span> <span class='ocrx_word' id='word_1_54' title='bbox 907 1128 976 1165; x_wconf 91' lang='lat' dir='ltr'><strong>est</strong></span> <span class='ocrx_word' id='word_1_55' title='bbox 989 1156 1002 1179; x_wconf 95' lang='lat'><strong>,</strong></span> <span class='ocrx_word' id='word_1_56' title='bbox 1034 1119 1166 1182; x_wconf 86' lang='lat' dir='ltr'><strong>juxta</strong></span> <span class='ocrx_word' id='word_1_57' title='bbox 1203 1118 1524 1166; x_wconf 73' lang='lat' dir='ltr'>cathedralem</span> <span class='ocrx_word' id='word_1_58' title='bbox 1555 1117 1824 1179; x_wconf 90' lang='lat' dir='ltr'><strong>ecclesiam,</strong></span> <span class='ocrx_word' id='word_1_59' title='bbox 1865 1118 1915 1164; x_wconf 93' lang='lat' dir='ltr'><strong>in</strong></span> 
     </span>
     <span class='ocr_line' id='line_1_10' title="bbox 501 1194 1916 1259; baseline 0 -18"><span class='ocrx_word' id='word_1_60' title='bbox 501 1210 645 1258; x_wconf 90' lang='lat' dir='ltr'><strong>quam</strong></span> <span class='ocrx_word' id='word_1_61' title='bbox 675 1194 825 1242; x_wconf 90' lang='lat' dir='ltr'><strong>fuerat</strong></span> <span class='ocrx_word' id='word_1_62' title='bbox 848 1194 908 1242; x_wconf 89' lang='lat' dir='ltr'><strong>ab</strong></span> <span class='ocrx_word' id='word_1_63' title='bbox 935 1195 1036 1256; x_wconf 91' lang='lat' dir='ltr'><strong>his,</strong></span> <span class='ocrx_word' id='word_1_64' title='bbox 1062 1196 1144 1259; x_wconf 93' lang='lat' dir='ltr'><strong>qui</strong></span> <span class='ocrx_word' id='word_1_65' title='bbox 1176 1211 1287 1242; x_wconf 90' lang='lat' dir='ltr'><strong>eum</strong></span> <span class='ocrx_word' id='word_1_66' title='bbox 1321 1194 1654 1255; x_wconf 85' lang='lat' dir='ltr'><strong>accersierant,</strong></span> <span class='ocrx_word' id='word_1_67' title='bbox 1685 1203 1916 1259; x_wconf 83' lang='lat' dir='ltr'><strong>tanquam</strong></span> 
     </span>
     <span class='ocr_line' id='line_1_11' title="bbox 500 1263 1916 1338; baseline 0.001 -20"><span class='ocrx_word' id='word_1_68' title='bbox 500 1273 653 1319; x_wconf 87' lang='lat' dir='ltr'><strong>vicem</strong></span> <span class='ocrx_word' id='word_1_69' title='bbox 672 1289 836 1335; x_wconf 87' lang='lat' dir='ltr'><strong>gerens</strong></span> <span class='ocrx_word' id='word_1_70' title='bbox 858 1272 1093 1338; x_wconf 88' lang='lat' dir='ltr'><strong>episcopi,</strong></span> <span class='ocrx_word' id='word_1_71' title='bbox 1118 1273 1378 1320; x_wconf 89' lang='lat' dir='ltr'><strong>collocatus</strong></span> <span class='ocrx_word' id='word_1_72' title='bbox 1398 1282 1445 1319; x_wconf 90' lang='lat' dir='ltr'><strong>et</strong></span> <span class='ocrx_word' id='word_1_73' title='bbox 1469 1263 1720 1320; x_wconf 56' lang='lat' dir='ltr'><strong>adductus.⁴</strong></span> <span class='ocrx_word' id='word_1_74' title='bbox 1747 1274 1807 1318; x_wconf 93' lang='lat' dir='ltr'><strong>Ut</strong></span> <span class='ocrx_word' id='word_1_75' title='bbox 1830 1287 1916 1320; x_wconf 90' lang='lat' dir='ltr'><strong>au-</strong></span> 
     </span>
     <span class='ocr_line' id='line_1_12' title="bbox 500 1348 1916 1411; baseline 0.001 -16"><span class='ocrx_word' id='word_1_76' title='bbox 500 1358 596 1395; x_wconf 90' lang='lat' dir='ltr'><strong>tem</strong></span> <span class='ocrx_word' id='word_1_77' title='bbox 616 1366 714 1396; x_wconf 90' lang='lat' dir='ltr'><strong>non</strong></span> <span class='ocrx_word' id='word_1_78' title='bbox 734 1350 782 1396; x_wconf 94' lang='lat' dir='ltr'><strong>in</strong></span> <span class='ocrx_word' id='word_1_79' title='bbox 816 1366 1024 1397; x_wconf 87' lang='lat' dir='ltr'><strong>vacuum</strong></span> <span class='ocrx_word' id='word_1_80' title='bbox 1052 1350 1302 1397; x_wconf 88' lang='lat' dir='ltr'><strong>accersitus</strong></span> <span class='ocrx_word' id='word_1_81' title='bbox 1316 1349 1477 1411; x_wconf 89' lang='lat' dir='ltr'><strong>fuisse,</strong></span> <span class='ocrx_word' id='word_1_82' title='bbox 1502 1352 1585 1396; x_wconf 86' lang='lat' dir='ltr'><strong>aut</strong></span> <span class='ocrx_word' id='word_1_83' title='bbox 1601 1348 1717 1395; x_wconf 90' lang='lat' dir='ltr'><strong>nihil</strong></span> <span class='ocrx_word' id='word_1_84' title='bbox 1734 1364 1916 1396; x_wconf 87' lang='lat' dir='ltr'><strong>assecu-</strong></span> 
     </span>
     <span class='ocr_line' id='line_1_13' title="bbox 500 1425 1917 1492; baseline 0.001 -20"><span class='ocrx_word' id='word_1_85' title='bbox 500 1436 574 1473; x_wconf 93' lang='lat' dir='ltr'><strong>tus</strong></span> <span class='ocrx_word' id='word_1_86' title='bbox 611 1428 853 1491; x_wconf 87' lang='lat' dir='ltr'><strong>potestatis</strong></span> <span class='ocrx_word' id='word_1_87' title='bbox 885 1436 1155 1492; x_wconf 88' lang='lat' dir='ltr'><strong>putaretur,</strong></span> <span class='ocrx_word' id='word_1_88' title='bbox 1191 1427 1302 1492; x_wconf 86' lang='lat' dir='ltr'><strong>ipsis</strong></span> <span class='ocrx_word' id='word_1_89' title='bbox 1333 1425 1715 1490; x_wconf 81' lang='lat' dir='ltr'><strong>suggerentibus,</strong></span> <span class='ocrx_word' id='word_1_90' title='bbox 1754 1441 1917 1473; x_wconf 89' lang='lat' dir='ltr'><strong>mone-</strong></span> 
     </span>
     <span class='ocr_line' id='line_1_14' title="bbox 500 1494 1910 1568; baseline 0.001 -19"><span class='ocrx_word' id='word_1_91' title='bbox 500 1512 598 1550; x_wconf 85' lang='lat' dir='ltr'><strong>tam</strong></span> <span class='ocrx_word' id='word_1_92' title='bbox 621 1520 820 1566; x_wconf 84' lang='lat' dir='ltr'><strong>novam,</strong></span> <span class='ocrx_word' id='word_1_93' title='bbox 841 1514 1088 1567; x_wconf 85' lang='lat' dir='ltr'><strong>argenteos</strong></span> <span class='ocrx_word' id='word_1_94' title='bbox 1109 1494 1286 1551; x_wconf 88' lang='lat' dir='ltr'><strong>scilicet</strong></span> <span class='ocrx_word' id='word_1_95' title='bbox 1300 1494 1446 1568; x_wconf 75' lang='lat' dir='ltr'><strong>atque</strong></span> <span class='ocrx_word' id='word_1_96' title='bbox 1470 1520 1640 1565; x_wconf 90' lang='lat' dir='ltr'><strong>aureos</strong></span> <span class='ocrx_word' id='word_1_97' title='bbox 1664 1519 1910 1564; x_wconf 91' lang='lat' dir='ltr'><strong>nummos,</strong></span> 
     </span>
     <span class='ocr_line' id='line_1_15' title="bbox 499 1581 1914 1645; baseline 0.001 -18"><span class='ocrx_word' id='word_1_98' title='bbox 499 1597 586 1627; x_wconf 92' lang='lat' dir='ltr'><strong>suo</strong></span> <span class='ocrx_word' id='word_1_99' title='bbox 608 1582 804 1629; x_wconf 89' lang='lat' dir='ltr'><strong>nomine</strong></span> <span class='ocrx_word' id='word_1_100' title='bbox 829 1582 941 1629; x_wconf 92' lang='lat' dir='ltr'><strong>cudi</strong></span> <span class='ocrx_word' id='word_1_101' title='bbox 963 1581 1116 1629; x_wconf 87' lang='lat' dir='ltr'><strong>facere</strong></span> <span class='ocrx_word' id='word_1_102' title='bbox 1137 1598 1381 1645; x_wconf 81' lang='lat' dir='ltr'><strong>aggressus</strong></span> <span class='ocrx_word' id='word_1_103' title='bbox 1414 1592 1499 1629; x_wconf 89' lang='lat' dir='ltr'><strong>est.</strong></span> <span class='ocrx_word' id='word_1_104' title='bbox 1525 1582 1620 1639; x_wconf 89' lang='lat' dir='ltr'><strong>Qui</strong></span> <span class='ocrx_word' id='word_1_105' title='bbox 1645 1598 1758 1628; x_wconf 93' lang='lat' dir='ltr'><strong>cum</strong></span> <span class='ocrx_word' id='word_1_106' title='bbox 1779 1581 1914 1628; x_wconf 90' lang='lat' dir='ltr'><strong>initio</strong></span> 
     </span>
     <span class='ocr_line' id='line_1_16' title="bbox 499 1658 1913 1724; baseline 0.001 -20"><span class='ocrx_word' id='word_1_107' title='bbox 499 1667 779 1721; x_wconf 92' lang='lat' dir='ltr'><strong>utcumque,</strong></span> <span class='ocrx_word' id='word_1_108' title='bbox 817 1675 906 1724; x_wconf 92' lang='lat' dir='ltr'><strong>pro</strong></span> <span class='ocrx_word' id='word_1_109' title='bbox 944 1659 1171 1706; x_wconf 90' lang='lat' dir='ltr'><strong>attributo</strong></span> <span class='ocrx_word' id='word_1_110' title='bbox 1208 1660 1274 1707; x_wconf 89' lang='lat' dir='ltr'><strong>eis</strong></span> <span class='ocrx_word' id='word_1_111' title='bbox 1306 1676 1470 1719; x_wconf 90' lang='lat' dir='ltr'><strong>cursu,</strong></span> <span class='ocrx_word' id='word_1_112' title='bbox 1503 1659 1773 1706; x_wconf 88' lang='lat' dir='ltr'><strong>tolerabiles</strong></span> <span class='ocrx_word' id='word_1_113' title='bbox 1800 1658 1913 1706; x_wconf 82' lang='lat' dir='ltr'><strong>fuis-</strong></span> 
     </span>
     <span class='ocr_line' id='line_1_17' title="bbox 497 1726 1917 1801; baseline 0.001 -20"><span class='ocrx_word' id='word_1_114' title='bbox 497 1745 623 1797; x_wconf 91' lang='lat' dir='ltr'><strong>sent,</strong></span> <span class='ocrx_word' id='word_1_115' title='bbox 653 1735 787 1782; x_wconf 89' lang='lat' dir='ltr'><strong>brevi</strong></span> <span class='ocrx_word' id='word_1_116' title='bbox 811 1745 971 1783; x_wconf 89' lang='lat' dir='ltr'><strong>tamen</strong></span> <span class='ocrx_word' id='word_1_117' title='bbox 993 1737 1221 1801; x_wconf 89' lang='lat' dir='ltr'><strong>temporis</strong></span> <span class='ocrx_word' id='word_1_118' title='bbox 1244 1736 1447 1783; x_wconf 90' lang='lat' dir='ltr'><strong>decursu</strong></span> <span class='ocrx_word' id='word_1_119' title='bbox 1463 1774 1475 1797; x_wconf 89' lang='lat'><strong>,</strong></span> <span class='ocrx_word' id='word_1_120' title='bbox 1501 1736 1580 1783; x_wconf 91' lang='lat' dir='ltr'><strong>cui</strong></span> <span class='ocrx_word' id='word_1_121' title='bbox 1607 1752 1728 1801; x_wconf 93' lang='lat' dir='ltr'><strong>opus</strong></span> <span class='ocrx_word' id='word_1_122' title='bbox 1754 1726 1917 1800; x_wconf 84' lang='lat' dir='ltr'><strong>hujus-</strong></span> 
     </span>
     <span class='ocr_line' id='line_1_18' title="bbox 498 1812 1910 1871; baseline 0.001 -12"><span class='ocrx_word' id='word_1_123' title='bbox 498 1812 630 1859; x_wconf 92' lang='lat' dir='ltr'><strong>modi</strong></span> <span class='ocrx_word' id='word_1_124' title='bbox 652 1812 881 1860; x_wconf 88' lang='lat' dir='ltr'><strong>cudendae</strong></span> <span class='ocrx_word' id='word_1_125' title='bbox 904 1823 1106 1861; x_wconf 87' lang='lat' dir='ltr'><strong>monetae</strong></span> <span class='ocrx_word' id='word_1_126' title='bbox 1139 1813 1200 1861; x_wconf 92' lang='lat' dir='ltr'><strong>ab</strong></span> <span class='ocrx_word' id='word_1_127' title='bbox 1227 1830 1286 1860; x_wconf 88' lang='lat' dir='ltr'><strong>eo</strong></span> <span class='ocrx_word' id='word_1_128' title='bbox 1310 1814 1616 1860; x_wconf 89' lang='lat' dir='ltr'><strong>commissum</strong></span> <span class='ocrx_word' id='word_1_129' title='bbox 1645 1813 1882 1861; x_wconf 82' lang='lat' dir='ltr'><strong>exstiterat</strong></span> <span class='ocrx_word' id='word_1_130' title='bbox 1899 1851 1910 1871; x_wconf 87' lang='lat'><strong>,</strong></span> 
     </span>
     <span class='ocr_line' id='line_1_19' title="bbox 497 1890 1914 1956; baseline 0 -18"><span class='ocrx_word' id='word_1_131' title='bbox 497 1899 595 1938; x_wconf 88' lang='lat' dir='ltr'><strong>tam</strong></span> <span class='ocrx_word' id='word_1_132' title='bbox 619 1890 866 1956; x_wconf 91' lang='lat' dir='ltr'><strong>improbos</strong></span> <span class='ocrx_word' id='word_1_133' title='bbox 900 1892 1129 1956; x_wconf 81' lang='lat' dir='ltr'><strong>percussit</strong></span> <span class='ocrx_word' id='word_1_134' title='bbox 1167 1901 1308 1955; x_wconf 87' lang='lat' dir='ltr'><strong>atque</strong></span> <span class='ocrx_word' id='word_1_135' title='bbox 1344 1891 1472 1952; x_wconf 83' lang='lat' dir='ltr'><strong>fecit,</strong></span> <span class='ocrx_word' id='word_1_136' title='bbox 1510 1901 1587 1953; x_wconf 89' lang='lat' dir='ltr'><strong>ut,</strong></span> <span class='ocrx_word' id='word_1_137' title='bbox 1630 1907 1730 1938; x_wconf 91' lang='lat' dir='ltr'><strong>non</strong></span> <span class='ocrx_word' id='word_1_138' title='bbox 1766 1890 1914 1938; x_wconf 92' lang='lat' dir='ltr'><strong>modo</strong></span> 
     </span>
     <span class='ocr_line' id='line_1_20' title="bbox 497 1967 1912 2034; baseline -0.001 -19"><span class='ocrx_word' id='word_1_139' title='bbox 497 1978 626 2016; x_wconf 87' lang='lat' dir='ltr'><strong>extra</strong></span> <span class='ocrx_word' id='word_1_140' title='bbox 644 1969 880 2016; x_wconf 89' lang='lat' dir='ltr'><strong>civitatem</strong></span> <span class='ocrx_word' id='word_1_141' title='bbox 902 1968 1081 2033; x_wconf 87' lang='lat' dir='ltr'><strong>ubique</strong></span> <span class='ocrx_word' id='word_1_142' title='bbox 1101 1984 1129 2016; x_wconf 86' lang='lat' dir='ltr'><strong>a</strong></span> <span class='ocrx_word' id='word_1_143' title='bbox 1152 1970 1333 2016; x_wconf 89' lang='lat' dir='ltr'><strong>cunctis</strong></span> <span class='ocrx_word' id='word_1_144' title='bbox 1356 1967 1726 2034; x_wconf 88' lang='lat' dir='ltr'><strong>respuebantur,</strong></span> <span class='ocrx_word' id='word_1_145' title='bbox 1755 1967 1837 2016; x_wconf 88' lang='lat' dir='ltr'><strong>sed</strong></span> <span class='ocrx_word' id='word_1_146' title='bbox 1863 1969 1912 2015; x_wconf 92' lang='lat' dir='ltr'><strong>in</strong></span> 
     </span>
     <span class='ocr_line' id='line_1_21' title="bbox 498 2045 1912 2110; baseline 0.001 -19"><span class='ocrx_word' id='word_1_147' title='bbox 498 2046 682 2092; x_wconf 89' lang='lat' dir='ltr'><strong>civitate</strong></span> <span class='ocrx_word' id='word_1_148' title='bbox 720 2045 878 2092; x_wconf 93' lang='lat' dir='ltr'><strong>nullus</strong></span> <span class='ocrx_word' id='word_1_149' title='bbox 909 2046 1196 2093; x_wconf 89' lang='lat' dir='ltr'><strong>solutionem</strong></span> <span class='ocrx_word' id='word_1_150' title='bbox 1218 2046 1268 2092; x_wconf 90' lang='lat' dir='ltr'><strong>in</strong></span> <span class='ocrx_word' id='word_1_151' title='bbox 1297 2045 1470 2094; x_wconf 88' lang='lat' dir='ltr'><strong>talibus</strong></span> <span class='ocrx_word' id='word_1_152' title='bbox 1505 2046 1712 2093; x_wconf 90' lang='lat' dir='ltr'><strong>nummis</strong></span> <span class='ocrx_word' id='word_1_153' title='bbox 1743 2061 1912 2110; x_wconf 86' lang='lat' dir='ltr'><strong>accep-</strong></span> 
     </span>
     <span class='ocr_line' id='line_1_22' title="bbox 497 2112 1915 2186; baseline -0.001 -19"><span class='ocrx_word' id='word_1_154' title='bbox 497 2129 595 2167; x_wconf 84' lang='lat' dir='ltr'><strong>tare</strong></span> <span class='ocrx_word' id='word_1_155' title='bbox 620 2121 781 2180; x_wconf 90' lang='lat' dir='ltr'><strong>vellet,</strong></span> <span class='ocrx_word' id='word_1_156' title='bbox 808 2121 890 2168; x_wconf 91' lang='lat' dir='ltr'><strong>sed</strong></span> <span class='ocrx_word' id='word_1_157' title='bbox 915 2122 1115 2186; x_wconf 88' lang='lat' dir='ltr'><strong>passim,</strong></span> <span class='ocrx_word' id='word_1_158' title='bbox 1142 2112 1372 2186; x_wconf 86' lang='lat' dir='ltr'><strong>tanquam</strong></span> <span class='ocrx_word' id='word_1_159' title='bbox 1401 2120 1619 2186; x_wconf 87' lang='lat' dir='ltr'><strong>reprobi,</strong></span> <span class='ocrx_word' id='word_1_160' title='bbox 1657 2119 1915 2168; x_wconf 88' lang='lat' dir='ltr'><strong>refutaren—</strong></span> 
     </span>
     <span class='ocr_line' id='line_1_23' title="bbox 484 2194 1914 2265; baseline 0.001 -22"><span class='ocrx_word' id='word_1_161' title='bbox 484 2194 574 2243; x_wconf 70' lang='lat' dir='ltr'><strong>‘tur</strong></span> <span class='ocrx_word' id='word_1_162' title='bbox 607 2197 667 2245; x_wconf 89' lang='lat' dir='ltr'><strong>ab</strong></span> <span class='ocrx_word' id='word_1_163' title='bbox 706 2198 946 2246; x_wconf 89' lang='lat' dir='ltr'><strong>omnibus.</strong></span> <span class='ocrx_word' id='word_1_164' title='bbox 986 2202 1131 2246; x_wconf 89' lang='lat' dir='ltr'><strong>Erant</strong></span> <span class='ocrx_word' id='word_1_165' title='bbox 1162 2199 1317 2257; x_wconf 90' lang='lat' dir='ltr'><strong>enim,</strong></span> <span class='ocrx_word' id='word_1_166' title='bbox 1357 2209 1410 2245; x_wconf 91' lang='lat' dir='ltr'><strong>ut</strong></span> <span class='ocrx_word' id='word_1_167' title='bbox 1437 2197 1654 2259; x_wconf 85' lang='lat' dir='ltr'><strong>aiebant,</strong></span> <span class='ocrx_word' id='word_1_168' title='bbox 1693 2197 1744 2244; x_wconf 95' lang='lat' dir='ltr'><strong>in</strong></span> <span class='ocrx_word' id='word_1_169' title='bbox 1777 2197 1914 2265; x_wconf 66' lang='lat' dir='ltr'><strong>tertia</strong></span> 
     </span>
     <span class='ocr_line' id='line_1_24' title="bbox 496 2275 1912 2340; baseline -0.001 -18"><span class='ocrx_word' id='word_1_170' title='bbox 496 2285 629 2340; x_wconf 90' lang='lat' dir='ltr'><strong>parte</strong></span> <span class='ocrx_word' id='word_1_171' title='bbox 655 2275 910 2322; x_wconf 89' lang='lat' dir='ltr'><strong>deteriores</strong></span> <span class='ocrx_word' id='word_1_172' title='bbox 938 2277 988 2322; x_wconf 91' lang='lat' dir='ltr'><strong>in</strong></span> <span class='ocrx_word' id='word_1_173' title='bbox 1020 2277 1328 2324; x_wconf 77' lang='lat' dir='ltr'><strong>aestimatione</strong></span> <span class='ocrx_word' id='word_1_174' title='bbox 1354 2277 1480 2340; x_wconf 87' lang='lat' dir='ltr'><strong>justa</strong></span> <span class='ocrx_word' id='word_1_175' title='bbox 1510 2285 1557 2323; x_wconf 88' lang='lat' dir='ltr'><strong>et</strong></span> <span class='ocrx_word' id='word_1_176' title='bbox 1587 2275 1747 2322; x_wconf 83' lang='lat' dir='ltr'><strong>valore</strong></span> <span class='ocrx_word' id='word_1_177' title='bbox 1765 2311 1777 2335; x_wconf 90' lang='lat'><strong>,</strong></span> <span class='ocrx_word' id='word_1_178' title='bbox 1824 2291 1912 2339; x_wconf 92' lang='lat' dir='ltr'><strong>pro</strong></span> 
     </span>
     <span class='ocr_line' id='line_1_25' title="bbox 496 2351 1913 2416; baseline 0 -18"><span class='ocrx_word' id='word_1_179' title='bbox 496 2368 595 2416; x_wconf 93' lang='lat' dir='ltr'><strong>quo</strong></span> <span class='ocrx_word' id='word_1_180' title='bbox 626 2362 680 2399; x_wconf 91' lang='lat' dir='ltr'><strong>ut</strong></span> <span class='ocrx_word' id='word_1_181' title='bbox 705 2369 894 2400; x_wconf 91' lang='lat' dir='ltr'><strong>currere</strong></span> <span class='ocrx_word' id='word_1_182' title='bbox 923 2353 1154 2401; x_wconf 87' lang='lat' dir='ltr'><strong>deberent</strong></span> <span class='ocrx_word' id='word_1_183' title='bbox 1183 2353 1497 2400; x_wconf 89' lang='lat' dir='ltr'><strong>cudebantur.</strong></span> <span class='ocrx_word' id='word_1_184' title='bbox 1527 2351 1665 2399; x_wconf 88' lang='lat' dir='ltr'><strong>Unde</strong></span> <span class='ocrx_word' id='word_1_185' title='bbox 1697 2361 1744 2399; x_wconf 88' lang='lat' dir='ltr'><strong>et</strong></span> <span class='ocrx_word' id='word_1_186' title='bbox 1774 2352 1823 2398; x_wconf 88' lang='lat' dir='ltr'><strong>in</strong></span> <span class='ocrx_word' id='word_1_187' title='bbox 1856 2367 1913 2399; x_wconf 85' lang='lat' dir='ltr'><strong>ea</strong></span> 
     </span>
     <span class='ocr_line' id='line_1_26' title="bbox 496 2429 1912 2495; baseline 0 -19"><span class='ocrx_word' id='word_1_188' title='bbox 496 2429 708 2491; x_wconf 89' lang='lat' dir='ltr'><strong>civitate,</strong></span> <span class='ocrx_word' id='word_1_189' title='bbox 750 2441 917 2494; x_wconf 86' lang='lat' dir='ltr'><strong>praeter</strong></span> <span class='ocrx_word' id='word_1_190' title='bbox 961 2431 1053 2478; x_wconf 90' lang='lat' dir='ltr'><strong>alia</strong></span> <span class='ocrx_word' id='word_1_191' title='bbox 1086 2430 1425 2491; x_wconf 88' lang='lat' dir='ltr'><strong>incommoda,</strong></span> <span class='ocrx_word' id='word_1_192' title='bbox 1468 2430 1570 2495; x_wconf 90' lang='lat' dir='ltr'><strong>ipsa</strong></span> <span class='ocrx_word' id='word_1_193' title='bbox 1605 2429 1748 2476; x_wconf 88' lang='lat' dir='ltr'><strong>etiam</strong></span> <span class='ocrx_word' id='word_1_194' title='bbox 1787 2445 1912 2476; x_wconf 89' lang='lat' dir='ltr'><strong>nova</strong></span> 
     </span>
     <span class='ocr_line' id='line_1_27' title="bbox 496 2500 1857 2571; baseline 0.001 -19"><span class='ocrx_word' id='word_1_195' title='bbox 496 2516 684 2554; x_wconf 90' lang='lat' dir='ltr'><strong>moneta</strong></span> <span class='ocrx_word' id='word_1_196' title='bbox 706 2507 922 2571; x_wconf 90' lang='lat' dir='ltr'><strong>pluribus</strong></span> <span class='ocrx_word' id='word_1_197' title='bbox 949 2525 1047 2554; x_wconf 86' lang='lat' dir='ltr'><strong>non</strong></span> <span class='ocrx_word' id='word_1_198' title='bbox 1072 2509 1238 2571; x_wconf 82' lang='lat' dir='ltr'><strong>exigua</strong></span> <span class='ocrx_word' id='word_1_199' title='bbox 1265 2508 1441 2556; x_wconf 91' lang='lat' dir='ltr'><strong>damna</strong></span> <span class='ocrx_word' id='word_1_200' title='bbox 1466 2507 1656 2554; x_wconf 85' lang='lat' dir='ltr'><strong>invexit.</strong></span> <span class='ocrx_word' id='word_1_201' title='bbox 1854 2500 1857 2501; x_wconf 35' lang='lat'><em>⁷</em></span> 
     </span>
    </p>

    <p class='ocr_par' dir='ltr' id='par_1_6' title="bbox 496 2582 1912 2803">
     <span class='ocr_line' id='line_1_28' title="bbox 559 2582 1912 2646; baseline -0.001 -16"><span class='ocrx_word' id='word_1_202' title='bbox 559 2584 693 2630; x_wconf 89' lang='lat' dir='ltr'><strong>Aliud</strong></span> <span class='ocrx_word' id='word_1_203' title='bbox 717 2585 881 2645; x_wconf 87' lang='lat' dir='ltr'><strong>etiam,</strong></span> <span class='ocrx_word' id='word_1_204' title='bbox 909 2601 968 2631; x_wconf 93' lang='lat' dir='ltr'><strong>ne</strong></span> <span class='ocrx_word' id='word_1_205' title='bbox 990 2586 1156 2633; x_wconf 91' lang='lat' dir='ltr'><strong>inutile</strong></span> <span class='ocrx_word' id='word_1_206' title='bbox 1178 2585 1268 2633; x_wconf 90' lang='lat' dir='ltr'><strong>sibi</strong></span> <span class='ocrx_word' id='word_1_207' title='bbox 1297 2585 1567 2632; x_wconf 89' lang='lat' dir='ltr'><strong>dominium</strong></span> <span class='ocrx_word' id='word_1_208' title='bbox 1591 2582 1824 2646; x_wconf 88' lang='lat' dir='ltr'><strong>quaesiisse</strong></span> <span class='ocrx_word' id='word_1_209' title='bbox 1846 2583 1912 2628; x_wconf 90' lang='lat' dir='ltr'><strong>vi-</strong></span> 
     </span>
     <span class='ocr_line' id='line_1_29' title="bbox 496 2660 1910 2726; baseline -0.001 -18"><span class='ocrx_word' id='word_1_210' title='bbox 496 2660 706 2720; x_wconf 86' lang='lat' dir='ltr'><strong>deretur,</strong></span> <span class='ocrx_word' id='word_1_211' title='bbox 744 2662 853 2709; x_wconf 90' lang='lat' dir='ltr'><strong>satis</strong></span> <span class='ocrx_word' id='word_1_212' title='bbox 880 2662 1108 2725; x_wconf 88' lang='lat' dir='ltr'><strong>injustum</strong></span> <span class='ocrx_word' id='word_1_213' title='bbox 1142 2673 1188 2710; x_wconf 88' lang='lat' dir='ltr'><strong>et</strong></span> <span class='ocrx_word' id='word_1_214' title='bbox 1213 2664 1387 2712; x_wconf 85' lang='lat' dir='ltr'><strong>infame</strong></span> <span class='ocrx_word' id='word_1_215' title='bbox 1424 2678 1544 2726; x_wconf 91' lang='lat' dir='ltr'><strong>opus</strong></span> <span class='ocrx_word' id='word_1_216' title='bbox 1580 2660 1750 2708; x_wconf 83' lang='lat' dir='ltr'><strong>effecit.</strong></span> <span class='ocrx_word' id='word_1_217' title='bbox 1792 2662 1910 2706; x_wconf 90' lang='lat' dir='ltr'><strong>Nam</strong></span> 
     </span>
     <span class='ocr_line' id='line_1_30' title="bbox 497 2736 1910 2803; baseline -0.001 -19"><span class='ocrx_word' id='word_1_218' title='bbox 497 2755 607 2785; x_wconf 85' lang='lat' dir='ltr'><strong>cum</strong></span> <span class='ocrx_word' id='word_1_219' title='bbox 632 2739 803 2786; x_wconf 89' lang='lat' dir='ltr'><strong>accolae</strong></span> <span class='ocrx_word' id='word_1_220' title='bbox 824 2739 1069 2803; x_wconf 87' lang='lat' dir='ltr'><strong>cujusdam</strong></span> <span class='ocrx_word' id='word_1_221' title='bbox 1088 2741 1234 2801; x_wconf 84' lang='lat' dir='ltr'><strong>villae,</strong></span> <span class='ocrx_word' id='word_1_222' title='bbox 1260 2750 1311 2787; x_wconf 88' lang='lat' dir='ltr'><strong>ut</strong></span> <span class='ocrx_word' id='word_1_223' title='bbox 1335 2739 1396 2787; x_wconf 83' lang='lat' dir='ltr'><strong>ab</strong></span> <span class='ocrx_word' id='word_1_224' title='bbox 1419 2738 1650 2786; x_wconf 87' lang='lat' dir='ltr'><strong>incendiis</strong></span> <span class='ocrx_word' id='word_1_225' title='bbox 1668 2746 1715 2784; x_wconf 88' lang='lat' dir='ltr'><strong>et</strong></span> <span class='ocrx_word' id='word_1_226' title='bbox 1735 2736 1910 2800; x_wconf 88' lang='lat' dir='ltr'><strong>rapinis</strong></span> 
     </span>
    </p>
   </div>
  </div>
 </body>
</html>
