<?xml version="1.0" encoding="UTF-8"?>
<!DOCTYPE html PUBLIC "-//W3C//DTD XHTML 1.0 Transitional//EN"
    "http://www.w3.org/TR/xhtml1/DTD/xhtml1-transitional.dtd">
<html xmlns="http://www.w3.org/1999/xhtml" xml:lang="en" lang="en">
 <head>
  <title>
</title>
<meta http-equiv="Content-Type" content="text/html;charset=utf-8" />
  <meta name='ocr-system' content='tesseract 3.04.00' />
  <meta name='ocr-capabilities' content='ocr_page ocr_carea ocr_par ocr_line ocrx_word'/>
</head>
<body>
  <div class='ocr_page' id='page_1' title='image "./histoiredesrgn03basiuoft_0372.png"; bbox 0 0 2060 3392; ppageno 0'>
   <div class='ocr_carea' id='block_1_1' title="bbox 486 289 1323 334">
    <p class='ocr_par' dir='ltr' id='par_1_1' title="bbox 486 289 1323 334">
     <span class='ocr_line' id='line_1_1' title="bbox 486 289 1323 334; baseline -0.005 -6"><span class='ocrx_word' id='word_1_1' title='bbox 486 291 562 328; x_wconf 70' lang='lat'><strong>322</strong></span> <span class='ocrx_word' id='word_1_2' title='bbox 1049 289 1299 326; x_wconf 63' lang='lat' dir='ltr'><strong>Aronoeu</strong></span> <span class='ocrx_word' id='word_1_3' title='bbox 1312 316 1323 334; x_wconf 94' lang='lat'><strong><em>‚</em></strong></span> 
     </span>
    </p>
   </div>
   <div class='ocr_carea' id='block_1_2' title="bbox 481 375 1907 1599">
    <p class='ocr_par' dir='ltr' id='par_1_2' title="bbox 485 375 1900 519">
     <span class='ocr_line' id='line_1_2' title="bbox 485 375 1900 444; baseline -0.001 -16"><span class='ocrx_word' id='word_1_4' title='bbox 485 380 640 444; x_wconf 82' lang='lat' dir='ltr'>dignis</span> <span class='ocrx_word' id='word_1_5' title='bbox 667 377 861 426; x_wconf 88' lang='lat' dir='ltr'><strong>testibus</strong></span> <span class='ocrx_word' id='word_1_6' title='bbox 897 377 1098 424; x_wconf 87' lang='lat' dir='ltr'><strong>relatum</strong></span> <span class='ocrx_word' id='word_1_7' title='bbox 1136 375 1396 437; x_wconf 87' lang='lat' dir='ltr'><strong>audiimus,</strong></span> <span class='ocrx_word' id='word_1_8' title='bbox 1435 376 1566 423; x_wconf 86' lang='lat' dir='ltr'><strong>velut</strong></span> <span class='ocrx_word' id='word_1_9' title='bbox 1603 377 1653 423; x_wconf 89' lang='lat' dir='ltr'><strong>in</strong></span> <span class='ocrx_word' id='word_1_10' title='bbox 1690 377 1900 426; x_wconf 76' lang='lat' dir='ltr'><strong>fiirorem</strong></span> 
     </span>
     <span class='ocr_line' id='line_1_3' title="bbox 485 453 1896 519; baseline -0.004 -13"><span class='ocrx_word' id='word_1_11' title='bbox 485 467 635 517; x_wconf 70' lang='lat' dir='ltr'><strong>actus»,</strong></span> <span class='ocrx_word' id='word_1_12' title='bbox 648 459 806 503; x_wconf 85' lang='lat' dir='ltr'><strong>&#39;Deum</strong></span> <span class='ocrx_word' id='word_1_13' title='bbox 823 453 1173 519; x_wconf 87' lang='lat' dir='ltr'><strong>blasphemans,</strong></span> <span class='ocrx_word' id='word_1_14' title='bbox 1193 463 1429 501; x_wconf 85' lang='lat' dir='ltr'><strong>extremos</strong></span> <span class='ocrx_word' id='word_1_15' title='bbox 1441 453 1896 519; x_wconf 44' lang='lat' dir='ltr'><strong>spiritus‘exhalavit.</strong></span> 
     </span>
    </p>

    <p class='ocr_par' dir='ltr' id='par_1_3' title="bbox 481 530 1907 1599">
     <span class='ocr_line' id='line_1_4' title="bbox 551 530 1896 597; baseline 0.001 -17"><span class='ocrx_word' id='word_1_16' title='bbox 551 534 677 581; x_wconf 88' lang='lat' dir='ltr'><strong>Alter</strong></span> <span class='ocrx_word' id='word_1_17' title='bbox 707 547 821 579; x_wconf 84' lang='lat' dir='ltr'><strong>vero</strong></span> <span class='ocrx_word' id='word_1_18' title='bbox 848 531 949 594; x_wconf 88' lang='lat' dir='ltr'><strong>ejus</strong></span> <span class='ocrx_word' id='word_1_19' title='bbox 976 535 1266 594; x_wconf 87' lang='lat' dir='ltr'><strong>germanus¹‚</strong></span> <span class='ocrx_word' id='word_1_20' title='bbox 1303 547 1401 578; x_wconf 92' lang='lat' dir='ltr'><strong>non</strong></span> <span class='ocrx_word' id='word_1_21' title='bbox 1431 530 1628 579; x_wconf 86' lang='lat' dir='ltr'><strong>inferior</strong></span> <span class='ocrx_word' id='word_1_22' title='bbox 1659 532 1896 597; x_wconf 77' lang='lat' dir='ltr'><strong>nequitia,</strong></span> 
     </span>
     <span class='ocr_line' id='line_1_5' title="bbox 484 607 1896 675; baseline -0.001 -16"><span class='ocrx_word' id='word_1_23' title='bbox 484 610 568 659; x_wconf 85' lang='lat' dir='ltr'><strong>sed</strong></span> <span class='ocrx_word' id='word_1_24' title='bbox 589 609 804 675; x_wconf 89' lang='lat' dir='ltr'><strong>profecto</strong></span> <span class='ocrx_word' id='word_1_25' title='bbox 831 607 988 672; x_wconf 87' lang='lat' dir='ltr'><strong>ipsum</strong></span> <span class='ocrx_word' id='word_1_26' title='bbox 1010 607 1153 654; x_wconf 87' lang='lat' dir='ltr'><strong>etiam</strong></span> <span class='ocrx_word' id='word_1_27' title='bbox 1174 608 1462 672; x_wconf 77' lang='lat' dir='ltr'><strong>praecellens,</strong></span> <span class='ocrx_word' id='word_1_28' title='bbox 1488 623 1588 654; x_wconf 92' lang='lat' dir='ltr'><strong>non</strong></span> <span class='ocrx_word' id='word_1_29' title='bbox 1610 608 1753 673; x_wconf 87' lang='lat' dir='ltr'><strong>longe</strong></span> <span class='ocrx_word' id='word_1_30' title='bbox 1769 618 1896 675; x_wconf 85' lang='lat' dir='ltr'><strong>post,</strong></span> 
     </span>
     <span class='ocr_line' id='line_1_6' title="bbox 485 683 1902 750; baseline -0.001 -14"><span class='ocrx_word' id='word_1_31' title='bbox 485 694 613 746; x_wconf 86' lang='lat' dir='ltr'><strong>cum,</strong></span> <span class='ocrx_word' id='word_1_32' title='bbox 650 684 845 750; x_wconf 84' lang='lat' dir='ltr'>crapula</span> <span class='ocrx_word' id='word_1_33' title='bbox 877 693 1020 748; x_wconf 84' lang='lat' dir='ltr'><strong>atque</strong></span> <span class='ocrx_word' id='word_1_34' title='bbox 1059 683 1285 732; x_wconf 88' lang='lat' dir='ltr'><strong>ebrietate</strong></span> <span class='ocrx_word' id='word_1_35' title='bbox 1320 685 1492 733; x_wconf 84' lang='lat' dir='ltr'><strong>mentis</strong></span> <span class='ocrx_word' id='word_1_36' title='bbox 1526 686 1701 750; x_wconf 89' lang='lat' dir='ltr'>impos,</span> <span class='ocrx_word' id='word_1_37' title='bbox 1734 697 1902 735; x_wconf 81' lang='lat' dir='ltr'><strong>contra</strong></span> 
     </span>
     <span class='ocr_line' id='line_1_7' title="bbox 484 762 1902 831; baseline 0.001 -18"><span class='ocrx_word' id='word_1_38' title='bbox 484 763 742 831; x_wconf 85' lang='lat' dir='ltr'><strong>quemdam</strong></span> <span class='ocrx_word' id='word_1_39' title='bbox 775 763 939 823; x_wconf 86' lang='lat' dir='ltr'><strong>alium,</strong></span> <span class='ocrx_word' id='word_1_40' title='bbox 971 762 1184 810; x_wconf 81' lang='lat' dir='ltr'><strong>honestis</strong></span> <span class='ocrx_word' id='word_1_41' title='bbox 1217 779 1350 827; x_wconf 85' lang='lat' dir='ltr'><strong>aeque</strong></span> <span class='ocrx_word' id='word_1_42' title='bbox 1381 764 1558 811; x_wconf 84' lang='lat' dir='ltr'><strong>meritis</strong></span> <span class='ocrx_word' id='word_1_43' title='bbox 1591 764 1902 830; x_wconf 88' lang='lat' dir='ltr'><strong>moribusque</strong></span> 
     </span>
     <span class='ocr_line' id='line_1_8' title="bbox 483 840 1903 908; baseline 0.001 -19"><span class='ocrx_word' id='word_1_44' title='bbox 483 842 755 908; x_wconf 85' lang='lat' dir='ltr'><strong>praeditum,</strong></span> <span class='ocrx_word' id='word_1_45' title='bbox 781 840 933 887; x_wconf 84' lang='lat' dir='ltr'><strong>rixam</strong></span> <span class='ocrx_word' id='word_1_46' title='bbox 959 851 1174 888; x_wconf 86' lang='lat' dir='ltr'><strong>moveret</strong></span> <span class='ocrx_word' id='word_1_47' title='bbox 1194 842 1242 888; x_wconf 91' lang='lat' dir='ltr'><strong>in</strong></span> <span class='ocrx_word' id='word_1_48' title='bbox 1272 841 1460 888; x_wconf 81' lang='lat' dir='ltr'><strong>civitate</strong></span> <span class='ocrx_word' id='word_1_49' title='bbox 1479 851 1665 902; x_wconf 83' lang='lat' dir='ltr'><strong>nostra,</strong></span> <span class='ocrx_word' id='word_1_50' title='bbox 1694 843 1903 907; x_wconf 84' lang='lat' dir='ltr'>pugione</span> 
     </span>
     <span class='ocr_line' id='line_1_9' title="bbox 482 917 1902 985; baseline 0 -17"><span class='ocrx_word' id='word_1_51' title='bbox 482 919 727 968; x_wconf 83' lang='lat' dir='ltr'><strong>confossus</strong></span> <span class='ocrx_word' id='word_1_52' title='bbox 744 918 937 964; x_wconf 88' lang='lat' dir='ltr'><strong>interiit.</strong></span> <span class='ocrx_word' id='word_1_53' title='bbox 957 917 1100 981; x_wconf 90' lang='lat' dir='ltr'><strong>Cujus</strong></span> <span class='ocrx_word' id='word_1_54' title='bbox 1125 935 1291 965; x_wconf 87' lang='lat' dir='ltr'><strong>necem</strong></span> <span class='ocrx_word' id='word_1_55' title='bbox 1310 935 1421 965; x_wconf 90' lang='lat' dir='ltr'><strong>cum</strong></span> <span class='ocrx_word' id='word_1_56' title='bbox 1439 919 1583 966; x_wconf 86' lang='lat' dir='ltr'><strong>occisi</strong></span> <span class='ocrx_word' id='word_1_57' title='bbox 1604 929 1739 984; x_wconf 84' lang='lat' dir='ltr'><strong>pater</strong></span> <span class='ocrx_word' id='word_1_58' title='bbox 1760 929 1902 985; x_wconf 82' lang='lat' dir='ltr'><strong>atque</strong></span> 
     </span>
     <span class='ocr_line' id='line_1_10' title="bbox 482 995 1903 1062; baseline 0 -17"><span class='ocrx_word' id='word_1_59' title='bbox 482 998 599 1045; x_wconf 86' lang='lat' dir='ltr'><strong>alter</strong></span> <span class='ocrx_word' id='word_1_60' title='bbox 621 995 788 1044; x_wconf 81' lang='lat' dir='ltr'><strong>frater²</strong></span> <span class='ocrx_word' id='word_1_61' title='bbox 811 995 964 1041; x_wconf 87' lang='lat' dir='ltr'><strong>ultum</strong></span> <span class='ocrx_word' id='word_1_62' title='bbox 986 995 1043 1040; x_wconf 92' lang='lat' dir='ltr'><strong>iri</strong></span> <span class='ocrx_word' id='word_1_63' title='bbox 1063 1005 1343 1058; x_wconf 78' lang='lat' dir='ltr'><strong>satagerent,</strong></span> <span class='ocrx_word' id='word_1_64' title='bbox 1369 996 1511 1043; x_wconf 87' lang='lat' dir='ltr'><strong>armis</strong></span> <span class='ocrx_word' id='word_1_65' title='bbox 1534 996 1903 1062; x_wconf 88' lang='lat' dir='ltr'><strong>satellitibusque</strong></span> 
     </span>
     <span class='ocr_line' id='line_1_11' title="bbox 481 1071 1902 1138; baseline 0.001 -18"><span class='ocrx_word' id='word_1_66' title='bbox 481 1073 660 1138; x_wconf 88' lang='lat' dir='ltr'><strong>stipati,</strong></span> <span class='ocrx_word' id='word_1_67' title='bbox 699 1071 927 1119; x_wconf 89' lang='lat' dir='ltr'><strong>evadente</strong></span> <span class='ocrx_word' id='word_1_68' title='bbox 953 1087 1039 1136; x_wconf 90' lang='lat' dir='ltr'><strong>per</strong></span> <span class='ocrx_word' id='word_1_69' title='bbox 1067 1071 1225 1135; x_wconf 86' lang='lat' dir='ltr'><strong>fugam</strong></span> <span class='ocrx_word' id='word_1_70' title='bbox 1252 1073 1463 1119; x_wconf 84' lang='lat' dir='ltr'><strong>occisore</strong></span> <span class='ocrx_word' id='word_1_71' title='bbox 1477 1109 1489 1132; x_wconf 92' lang='lat'><strong>,</strong></span> <span class='ocrx_word' id='word_1_72' title='bbox 1521 1074 1675 1138; x_wconf 86' lang='lat' dir='ltr'><strong>ipsius</strong></span> <span class='ocrx_word' id='word_1_73' title='bbox 1696 1073 1818 1120; x_wconf 85' lang='lat' dir='ltr'><strong>filius</strong></span> <span class='ocrx_word' id='word_1_74' title='bbox 1840 1074 1902 1122; x_wconf 83' lang='lat' dir='ltr'><strong>ab</strong></span> 
     </span>
     <span class='ocr_line' id='line_1_12' title="bbox 481 1149 1902 1217; baseline 0.001 -20"><span class='ocrx_word' id='word_1_75' title='bbox 481 1152 591 1215; x_wconf 88' lang='lat' dir='ltr'><strong>ipsis</strong></span> <span class='ocrx_word' id='word_1_76' title='bbox 610 1149 844 1197; x_wconf 88' lang='lat' dir='ltr'><strong>ultoribus</strong></span> <span class='ocrx_word' id='word_1_77' title='bbox 869 1150 1050 1196; x_wconf 91' lang='lat' dir='ltr'><strong>occisus</strong></span> <span class='ocrx_word' id='word_1_78' title='bbox 1079 1159 1163 1196; x_wconf 88' lang='lat' dir='ltr'><strong>est.</strong></span> <span class='ocrx_word' id='word_1_79' title='bbox 1201 1149 1337 1196; x_wconf 92' lang='lat' dir='ltr'><strong>Unde</strong></span> <span class='ocrx_word' id='word_1_80' title='bbox 1367 1151 1416 1197; x_wconf 94' lang='lat' dir='ltr'><strong>in</strong></span> <span class='ocrx_word' id='word_1_81' title='bbox 1440 1167 1667 1214; x_wconf 88' lang='lat' dir='ltr'><strong>magnum</strong></span> <span class='ocrx_word' id='word_1_82' title='bbox 1691 1152 1902 1217; x_wconf 86' lang='lat' dir='ltr'><strong>capitum</strong></span> 
     </span>
     <span class='ocr_line' id='line_1_13' title="bbox 482 1226 1906 1296; baseline 0.001 -20"><span class='ocrx_word' id='word_1_83' title='bbox 482 1245 677 1276; x_wconf 86' lang='lat' dir='ltr'><strong>suorum</strong></span> <span class='ocrx_word' id='word_1_84' title='bbox 709 1228 961 1275; x_wconf 87' lang='lat' dir='ltr'><strong>discrimen</strong></span> <span class='ocrx_word' id='word_1_85' title='bbox 997 1226 1192 1274; x_wconf 82' lang='lat' dir='ltr'><strong>adducti</strong></span> <span class='ocrx_word' id='word_1_86' title='bbox 1224 1238 1348 1274; x_wconf 90' lang='lat' dir='ltr'><strong>sunt.</strong></span> <span class='ocrx_word' id='word_1_87' title='bbox 1390 1231 1510 1275; x_wconf 89' lang='lat' dir='ltr'><strong>Nam</strong></span> <span class='ocrx_word' id='word_1_88' title='bbox 1539 1245 1650 1276; x_wconf 90' lang='lat' dir='ltr'><strong>cum</strong></span> <span class='ocrx_word' id='word_1_89' title='bbox 1686 1246 1744 1276; x_wconf 88' lang='lat' dir='ltr'><strong>ex</strong></span> <span class='ocrx_word' id='word_1_90' title='bbox 1767 1231 1906 1296; x_wconf 84' lang='lat' dir='ltr'><strong>regiis</strong></span> 
     </span>
     <span class='ocr_line' id='line_1_14' title="bbox 483 1304 1902 1372; baseline 0.001 -19"><span class='ocrx_word' id='word_1_91' title='bbox 483 1306 717 1353; x_wconf 86' lang='lat' dir='ltr'><strong>mandatis</strong></span> <span class='ocrx_word' id='word_1_92' title='bbox 754 1305 886 1351; x_wconf 90' lang='lat' dir='ltr'><strong>istius</strong></span> <span class='ocrx_word' id='word_1_93' title='bbox 917 1304 1128 1365; x_wconf 89' lang='lat' dir='ltr'><strong>secundo</strong></span> <span class='ocrx_word' id='word_1_94' title='bbox 1163 1305 1318 1351; x_wconf 91' lang='lat' dir='ltr'><strong>necati</strong></span> <span class='ocrx_word' id='word_1_95' title='bbox 1351 1306 1551 1368; x_wconf 86' lang='lat' dir='ltr'><strong>genitor,</strong></span> <span class='ocrx_word' id='word_1_96' title='bbox 1587 1307 1660 1354; x_wconf 90' lang='lat' dir='ltr'><strong>sui</strong></span> <span class='ocrx_word' id='word_1_97' title='bbox 1693 1323 1902 1372; x_wconf 86' lang='lat' dir='ltr'><strong>quoque,</strong></span> 
     </span>
     <span class='ocr_line' id='line_1_15' title="bbox 482 1379 1907 1456; baseline 0.002 -26"><span class='ocrx_word' id='word_1_98' title='bbox 482 1379 719 1430; x_wconf 57' lang='lat' dir='ltr'><strong>sub&#39;salva</strong></span> <span class='ocrx_word' id='word_1_99' title='bbox 737 1383 899 1445; x_wconf 84' lang='lat' dir='ltr'><strong>gardia</strong></span> <span class='ocrx_word' id='word_1_100' title='bbox 920 1382 1140 1446; x_wconf 87' lang='lat' dir='ltr'><strong>regiaque</strong></span> <span class='ocrx_word' id='word_1_101' title='bbox 1163 1383 1459 1447; x_wconf 86' lang='lat' dir='ltr'><strong>protectione</strong></span> <span class='ocrx_word' id='word_1_102' title='bbox 1481 1384 1744 1450; x_wconf 77' lang='lat' dir='ltr'><strong>specialiter</strong></span> <span class='ocrx_word' id='word_1_103' title='bbox 1766 1386 1907 1456; x_wconf 86' lang='lat' dir='ltr'><strong>positi</strong></span> 
     </span>
     <span class='ocr_line' id='line_1_16' title="bbox 482 1457 1907 1526; baseline 0.004 -20"><span class='ocrx_word' id='word_1_104' title='bbox 482 1459 700 1517; x_wconf 83' lang='lat' dir='ltr'><strong>fuissent,</strong></span> <span class='ocrx_word' id='word_1_105' title='bbox 739 1474 798 1506; x_wconf 89' lang='lat' dir='ltr'><strong>eo</strong></span> <span class='ocrx_word' id='word_1_106' title='bbox 835 1458 967 1522; x_wconf 90' lang='lat' dir='ltr'><strong>quod</strong></span> <span class='ocrx_word' id='word_1_107' title='bbox 1001 1457 1381 1506; x_wconf 84' lang='lat' dir='ltr'><strong>adversariorum</strong></span> <span class='ocrx_word' id='word_1_108' title='bbox 1418 1461 1541 1507; x_wconf 85' lang='lat' dir='ltr'><strong>vires</strong></span> <span class='ocrx_word' id='word_1_109' title='bbox 1576 1469 1719 1526; x_wconf 85' lang='lat' dir='ltr'><strong>atque</strong></span> <span class='ocrx_word' id='word_1_110' title='bbox 1753 1462 1907 1513; x_wconf 85' lang='lat' dir='ltr'><strong>minas</strong></span> 
     </span>
     <span class='ocr_line' id='line_1_17' title="bbox 483 1536 1907 1599; baseline 0.003 -16"><span class='ocrx_word' id='word_1_111' title='bbox 483 1536 818 1593; x_wconf 79' lang='lat' dir='ltr'><strong>formidarent,</strong></span> <span class='ocrx_word' id='word_1_112' title='bbox 865 1551 1056 1598; x_wconf 85' lang='lat' dir='ltr'><strong>gravem</strong></span> <span class='ocrx_word' id='word_1_113' title='bbox 1110 1544 1158 1581; x_wconf 81' lang='lat' dir='ltr'><strong>et</strong></span> <span class='ocrx_word' id='word_1_114' title='bbox 1196 1536 1510 1599; x_wconf 86' lang='lat' dir='ltr'><strong>periculosam</strong></span> <span class='ocrx_word' id='word_1_115' title='bbox 1554 1539 1907 1587; x_wconf 87' lang='lat' dir='ltr'><strong>accusationem</strong></span> 
     </span>
    </p>
   </div>
   <div class='ocr_carea' id='block_1_3' title="bbox 486 1721 1913 2831">
    <p class='ocr_par' dir='ltr' id='par_1_4' title="bbox 486 1721 1910 1900">
     <span class='ocr_line' id='line_1_18' title="bbox 540 1721 1905 1780; baseline 0.002 -17"><span class='ocrx_word' id='word_1_116' title='bbox 540 1728 577 1763; x_wconf 83' lang='lat'><strong>1.</strong></span> <span class='ocrx_word' id='word_1_117' title='bbox 609 1727 669 1763; x_wconf 93' lang='lat' dir='ltr'><strong>On</strong></span> <span class='ocrx_word' id='word_1_118' title='bbox 689 1732 840 1769; x_wconf 84' lang='lat' dir='ltr'><strong>trouve,</strong></span> <span class='ocrx_word' id='word_1_119' title='bbox 862 1722 958 1760; x_wconf 90' lang='lat' dir='ltr'><strong>dans</strong></span> <span class='ocrx_word' id='word_1_120' title='bbox 972 1721 1010 1759; x_wconf 87' lang='lat' dir='ltr'><strong>la</strong></span> <span class='ocrx_word' id='word_1_121' title='bbox 1026 1722 1210 1780; x_wconf 47' lang='lat' dir='ltr'><strong>Rveforme</strong></span> <span class='ocrx_word' id='word_1_122' title='bbox 1228 1722 1276 1760; x_wconf 89' lang='lat' dir='ltr'><strong>de</strong></span> <span class='ocrx_word' id='word_1_123' title='bbox 1295 1723 1332 1760; x_wconf 88' lang='lat' dir='ltr'><strong>la</strong></span> <span class='ocrx_word' id='word_1_124' title='bbox 1349 1722 1528 1762; x_wconf 87' lang='lat' dir='ltr'><strong>noblesse</strong></span> <span class='ocrx_word' id='word_1_125' title='bbox 1546 1723 1593 1762; x_wconf 89' lang='lat' dir='ltr'><strong>de</strong></span> <span class='ocrx_word' id='word_1_126' title='bbox 1608 1724 1799 1765; x_wconf 82' lang='lat' dir='ltr'><strong>Montfaut</strong></span> <span class='ocrx_word' id='word_1_127' title='bbox 1819 1726 1905 1773; x_wconf 83' lang='lat' dir='ltr'><strong>(Ca-</strong></span> 
     </span>
     <span class='ocr_line' id='line_1_19' title="bbox 486 1781 1910 1839; baseline 0.003 -16"><span class='ocrx_word' id='word_1_128' title='bbox 486 1785 593 1824; x_wconf 87' lang='lat' dir='ltr'><strong>binet</strong></span> <span class='ocrx_word' id='word_1_129' title='bbox 614 1785 681 1824; x_wconf 90' lang='lat' dir='ltr'><strong>des</strong></span> <span class='ocrx_word' id='word_1_130' title='bbox 698 1784 807 1822; x_wconf 86' lang='lat' dir='ltr'><strong>titres</strong></span> <span class='ocrx_word' id='word_1_131' title='bbox 825 1782 928 1823; x_wconf 87' lang='lat' dir='ltr'><strong>dela</strong></span> <span class='ocrx_word' id='word_1_132' title='bbox 948 1781 1049 1822; x_wconf 86' lang='lat' dir='ltr'><strong>Bibl.</strong></span> <span class='ocrx_word' id='word_1_133' title='bbox 1079 1782 1208 1835; x_wconf 87' lang='lat' dir='ltr'><strong>imp.),</strong></span> <span class='ocrx_word' id='word_1_134' title='bbox 1230 1797 1282 1821; x_wconf 93' lang='lat' dir='ltr'><strong>un</strong></span> <span class='ocrx_word' id='word_1_135' title='bbox 1305 1784 1425 1823; x_wconf 86' lang='lat' dir='ltr'><strong>Henri</strong></span> <span class='ocrx_word' id='word_1_136' title='bbox 1444 1784 1493 1823; x_wconf 92' lang='lat' dir='ltr'><strong>de</strong></span> <span class='ocrx_word' id='word_1_137' title='bbox 1511 1788 1744 1838; x_wconf 82' lang='lat' dir='ltr'><strong>Mannoury,</strong></span> <span class='ocrx_word' id='word_1_138' title='bbox 1765 1787 1834 1839; x_wconf 87' lang='lat' dir='ltr'><strong>qui</strong></span> <span class='ocrx_word' id='word_1_139' title='bbox 1852 1795 1910 1827; x_wconf 84' lang='lat' dir='ltr'><strong>est</strong></span> 
     </span>
     <span class='ocr_line' id='line_1_20' title="bbox 486 1845 1624 1900; baseline -0.001 -14"><span class='ocrx_word' id='word_1_140' title='bbox 486 1849 682 1900; x_wconf 72' lang='lat' dir='ltr'><strong>peut-erre</strong></span> <span class='ocrx_word' id='word_1_141' title='bbox 698 1846 736 1884; x_wconf 90' lang='lat' dir='ltr'><strong>le</strong></span> <span class='ocrx_word' id='word_1_142' title='bbox 754 1858 994 1898; x_wconf 81' lang='lat' dir='ltr'><strong>personnage</strong></span> <span class='ocrx_word' id='word_1_143' title='bbox 1013 1845 1107 1883; x_wconf 85' lang='lat' dir='ltr'><strong>dont</strong></span> <span class='ocrx_word' id='word_1_144' title='bbox 1123 1845 1289 1884; x_wconf 83' lang='lat' dir='ltr'><strong>l’auteur</strong></span> <span class='ocrx_word' id='word_1_145' title='bbox 1305 1854 1398 1884; x_wconf 87' lang='lat' dir='ltr'><strong>veut</strong></span> <span class='ocrx_word' id='word_1_146' title='bbox 1414 1846 1544 1898; x_wconf 87' lang='lat' dir='ltr'><strong>parler</strong></span> <span class='ocrx_word' id='word_1_147' title='bbox 1560 1847 1624 1886; x_wconf 90' lang='lat' dir='ltr'><strong>ici.</strong></span> 
     </span>
    </p>

    <p class='ocr_par' dir='ltr' id='par_1_5' title="bbox 488 1907 1913 2831">
     <span class='ocr_line' id='line_1_21' title="bbox 541 1907 1909 1961; baseline 0.001 -12"><span class='ocrx_word' id='word_1_148' title='bbox 541 1913 580 1949; x_wconf 78' lang='lat'><strong>2.</strong></span> <span class='ocrx_word' id='word_1_149' title='bbox 610 1912 678 1949; x_wconf 88' lang='lat' dir='ltr'><strong>Cet</strong></span> <span class='ocrx_word' id='word_1_150' title='bbox 695 1916 804 1947; x_wconf 89' lang='lat' dir='ltr'><strong>autre</strong></span> <span class='ocrx_word' id='word_1_151' title='bbox 823 1908 926 1946; x_wconf 74' lang='lat' dir='ltr'><strong>frere</strong></span> <span class='ocrx_word' id='word_1_152' title='bbox 947 1907 1029 1946; x_wconf 84' lang='lat' dir='ltr'><strong>doit</strong></span> <span class='ocrx_word' id='word_1_153' title='bbox 1046 1908 1127 1946; x_wconf 76' lang='lat' dir='ltr'><strong>etre</strong></span> <span class='ocrx_word' id='word_1_154' title='bbox 1144 1910 1241 1946; x_wconf 85' lang='lat' dir='ltr'><strong>Jean</strong></span> <span class='ocrx_word' id='word_1_155' title='bbox 1259 1908 1307 1947; x_wconf 88' lang='lat' dir='ltr'><strong>de</strong></span> <span class='ocrx_word' id='word_1_156' title='bbox 1327 1911 1560 1960; x_wconf 84' lang='lat' dir='ltr'><strong>Mannoury,</strong></span> <span class='ocrx_word' id='word_1_157' title='bbox 1580 1911 1722 1961; x_wconf 74' lang='lat' dir='ltr'><strong>ecuyer</strong></span> <span class='ocrx_word' id='word_1_158' title='bbox 1739 1910 1909 1950; x_wconf 60' lang='lat' dir='ltr'><strong>d’ecurie</strong></span> 
     </span>
     <span class='ocr_line' id='line_1_22' title="bbox 488 1968 1910 2025; baseline 0.001 -15"><span class='ocrx_word' id='word_1_159' title='bbox 488 1972 536 2010; x_wconf 89' lang='lat' dir='ltr'><strong>de</strong></span> <span class='ocrx_word' id='word_1_160' title='bbox 553 1970 669 2010; x_wconf 89' lang='lat' dir='ltr'><strong>Louis</strong></span> <span class='ocrx_word' id='word_1_161' title='bbox 689 1972 769 2018; x_wconf 88' lang='lat' dir='ltr'><strong>XI,</strong></span> <span class='ocrx_word' id='word_1_162' title='bbox 796 1969 953 2007; x_wconf 90' lang='lat' dir='ltr'><strong>homme</strong></span> <span class='ocrx_word' id='word_1_163' title='bbox 977 1968 1166 2018; x_wconf 82' lang='lat' dir='ltr'><strong>d’armes‚</strong></span> <span class='ocrx_word' id='word_1_164' title='bbox 1198 1983 1349 2009; x_wconf 89' lang='lat' dir='ltr'><strong>comme</strong></span> <span class='ocrx_word' id='word_1_165' title='bbox 1371 1970 1518 2009; x_wconf 87' lang='lat' dir='ltr'><strong>Robert</strong></span> <span class='ocrx_word' id='word_1_166' title='bbox 1533 2000 1544 2019; x_wconf 92' lang='lat'><em>‚</em></span> <span class='ocrx_word' id='word_1_167' title='bbox 1571 1972 1620 2011; x_wconf 88' lang='lat' dir='ltr'><strong>de</strong></span> <span class='ocrx_word' id='word_1_168' title='bbox 1646 1973 1684 2012; x_wconf 83' lang='lat' dir='ltr'><strong>la</strong></span> <span class='ocrx_word' id='word_1_169' title='bbox 1709 1973 1829 2025; x_wconf 70' lang='lat' dir='ltr'><strong>garde</strong></span> <span class='ocrx_word' id='word_1_170' title='bbox 1857 1972 1910 2014; x_wconf 86' lang='lat' dir='ltr'><strong>du</strong></span> 
     </span>
     <span class='ocr_line' id='line_1_23' title="bbox 489 2032 1910 2088; baseline 0.001 -14"><span class='ocrx_word' id='word_1_171' title='bbox 489 2048 601 2087; x_wconf 87' lang='lat' dir='ltr'><strong>corps</strong></span> <span class='ocrx_word' id='word_1_172' title='bbox 618 2064 627 2081; x_wconf 95' lang='lat'><strong>,</strong></span> <span class='ocrx_word' id='word_1_173' title='bbox 650 2042 688 2072; x_wconf 88' lang='lat' dir='ltr'><strong>et</strong></span> <span class='ocrx_word' id='word_1_174' title='bbox 705 2032 894 2085; x_wconf 88' lang='lat' dir='ltr'><strong>capitaine</strong></span> <span class='ocrx_word' id='word_1_175' title='bbox 913 2032 979 2070; x_wconf 90' lang='lat' dir='ltr'><strong>des</strong></span> <span class='ocrx_word' id='word_1_176' title='bbox 999 2032 1123 2072; x_wconf 81' lang='lat' dir='ltr'><strong>francs</strong></span> <span class='ocrx_word' id='word_1_177' title='bbox 1149 2033 1306 2072; x_wconf 84' lang='lat' dir='ltr'><strong>archers</strong></span> <span class='ocrx_word' id='word_1_178' title='bbox 1330 2033 1380 2072; x_wconf 92' lang='lat' dir='ltr'><strong>du</strong></span> <span class='ocrx_word' id='word_1_179' title='bbox 1409 2033 1586 2088; x_wconf 84' lang='lat' dir='ltr'><strong>bailliage</strong></span> <span class='ocrx_word' id='word_1_180' title='bbox 1606 2035 1655 2075; x_wconf 89' lang='lat' dir='ltr'><strong>de</strong></span> <span class='ocrx_word' id='word_1_181' title='bbox 1675 2038 1826 2077; x_wconf 86' lang='lat' dir='ltr'><strong>Rouen.</strong></span> <span class='ocrx_word' id='word_1_182' title='bbox 1849 2038 1910 2076; x_wconf 86' lang='lat' dir='ltr'><strong>On</strong></span> 
     </span>
     <span class='ocr_line' id='line_1_24' title="bbox 490 2094 1911 2149; baseline -0.001 -12"><span class='ocrx_word' id='word_1_183' title='bbox 490 2111 605 2136; x_wconf 84' lang='lat' dir='ltr'><strong>verra</strong></span> <span class='ocrx_word' id='word_1_184' title='bbox 626 2110 697 2149; x_wconf 89' lang='lat' dir='ltr'><strong>par</strong></span> <span class='ocrx_word' id='word_1_185' title='bbox 722 2095 778 2134; x_wconf 86' lang='lat' dir='ltr'><strong>les</strong></span> <span class='ocrx_word' id='word_1_186' title='bbox 801 2095 928 2148; x_wconf 75' lang='lat' dir='ltr'><strong>pieces</strong></span> <span class='ocrx_word' id='word_1_187' title='bbox 950 2094 1214 2143; x_wconf 81' lang='lat' dir='ltr'><strong>justificatives</strong></span> <span class='ocrx_word' id='word_1_188' title='bbox 1233 2094 1287 2133; x_wconf 90' lang='lat' dir='ltr'><strong>du</strong></span> <span class='ocrx_word' id='word_1_189' title='bbox 1309 2098 1375 2134; x_wconf 91' lang='lat' dir='ltr'><strong>1v·</strong></span> <span class='ocrx_word' id='word_1_190' title='bbox 1400 2096 1557 2135; x_wconf 82' lang='lat' dir='ltr'><strong>volume</strong></span> <span class='ocrx_word' id='word_1_191' title='bbox 1580 2097 1675 2149; x_wconf 84' lang='lat' dir='ltr'><strong>qu&#39;il</strong></span> <span class='ocrx_word' id='word_1_192' title='bbox 1699 2097 1862 2137; x_wconf 80' lang='lat' dir='ltr'><strong>succeda</strong></span> <span class='ocrx_word' id='word_1_193' title='bbox 1887 2099 1911 2136; x_wconf 72' lang='grc' dir='ltr'>ὲ</span> 
     </span>
     <span class='ocr_line' id='line_1_25' title="bbox 491 2155 1911 2209; baseline 0.001 -11"><span class='ocrx_word' id='word_1_194' title='bbox 491 2173 561 2198; x_wconf 79' lang='lat' dir='ltr'><strong>son</strong></span> <span class='ocrx_word' id='word_1_195' title='bbox 577 2159 678 2197; x_wconf 75' lang='lat' dir='ltr'><strong>frere</strong></span> <span class='ocrx_word' id='word_1_196' title='bbox 699 2157 794 2196; x_wconf 82' lang='lat' dir='ltr'><strong>dans</strong></span> <span class='ocrx_word' id='word_1_197' title='bbox 814 2156 850 2194; x_wconf 79' lang='lat' dir='ltr'><strong>la</strong></span> <span class='ocrx_word' id='word_1_198' title='bbox 868 2155 974 2208; x_wconf 76' lang='lat' dir='ltr'><strong>regie</strong></span> <span class='ocrx_word' id='word_1_199' title='bbox 994 2155 1046 2194; x_wconf 90' lang='lat' dir='ltr'><strong>du</strong></span> <span class='ocrx_word' id='word_1_200' title='bbox 1065 2157 1253 2209; x_wconf 85' lang='lat' dir='ltr'><strong>temporel</strong></span> <span class='ocrx_word' id='word_1_201' title='bbox 1274 2157 1322 2196; x_wconf 91' lang='lat' dir='ltr'><strong>de</strong></span> <span class='ocrx_word' id='word_1_202' title='bbox 1341 2157 1509 2198; x_wconf 85' lang='lat' dir='ltr'><strong>Lisieux.</strong></span> <span class='ocrx_word' id='word_1_203' title='bbox 1530 2160 1618 2198; x_wconf 88' lang='lat' dir='ltr'><strong>Une</strong></span> <span class='ocrx_word' id='word_1_204' title='bbox 1638 2158 1838 2199; x_wconf 70' lang='lat' dir='ltr'><strong>remission</strong></span> <span class='ocrx_word' id='word_1_205' title='bbox 1857 2159 1911 2199; x_wconf 90' lang='lat' dir='ltr'><strong>du</strong></span> 
     </span>
     <span class='ocr_line' id='line_1_26' title="bbox 488 2219 1911 2275; baseline 0 -14"><span class='ocrx_word' id='word_1_206' title='bbox 488 2222 627 2261; x_wconf 74' lang='lat' dir='ltr'><strong>Tresor</strong></span> <span class='ocrx_word' id='word_1_207' title='bbox 645 2220 711 2259; x_wconf 87' lang='lat' dir='ltr'><strong>des</strong></span> <span class='ocrx_word' id='word_1_208' title='bbox 730 2219 881 2257; x_wconf 82' lang='lat' dir='ltr'><strong>chartes</strong></span> <span class='ocrx_word' id='word_1_209' title='bbox 899 2222 935 2268; x_wconf 90' lang='lat' dir='ltr'><strong>(J</strong></span> <span class='ocrx_word' id='word_1_210' title='bbox 941 2246 949 2256; x_wconf 87' lang='lat'>.</span> <span class='ocrx_word' id='word_1_211' title='bbox 972 2220 1064 2267; x_wconf 67' lang='lat'><strong>2⁰0,</strong></span> <span class='ocrx_word' id='word_1_212' title='bbox 1084 2232 1123 2271; x_wconf 90' lang='lat' dir='ltr'><strong>p.</strong></span> <span class='ocrx_word' id='word_1_213' title='bbox 1148 2222 1214 2269; x_wconf 74' lang='lat'><strong>45,</strong></span> <span class='ocrx_word' id='word_1_214' title='bbox 1236 2232 1314 2259; x_wconf 81' lang='lat' dir='ltr'><strong>aux</strong></span> <span class='ocrx_word' id='word_1_215' title='bbox 1334 2220 1509 2259; x_wconf 81' lang='lat' dir='ltr'><strong>archives</strong></span> <span class='ocrx_word' id='word_1_216' title='bbox 1528 2221 1576 2260; x_wconf 82' lang='lat' dir='ltr'><strong>de</strong></span> <span class='ocrx_word' id='word_1_217' title='bbox 1595 2221 1793 2275; x_wconf 77' lang='lat' dir='ltr'><strong>l’Empire)</strong></span> <span class='ocrx_word' id='word_1_218' title='bbox 1811 2234 1911 2261; x_wconf 85' lang='lat' dir='ltr'><strong>nous</strong></span> 
     </span>
     <span class='ocr_line' id='line_1_27' title="bbox 489 2281 1912 2336; baseline 0.002 -14"><span class='ocrx_word' id='word_1_219' title='bbox 489 2282 663 2336; x_wconf 83' lang='lat' dir='ltr'><strong>apprend</strong></span> <span class='ocrx_word' id='word_1_220' title='bbox 686 2282 804 2334; x_wconf 80' lang='lat' dir='ltr'><strong>qu&#39;au</strong></span> <span class='ocrx_word' id='word_1_221' title='bbox 825 2281 922 2320; x_wconf 85' lang='lat' dir='ltr'><strong>mois</strong></span> <span class='ocrx_word' id='word_1_222' title='bbox 944 2281 992 2320; x_wconf 91' lang='lat' dir='ltr'><strong>de</strong></span> <span class='ocrx_word' id='word_1_223' title='bbox 1009 2281 1095 2331; x_wconf 85' lang='lat' dir='ltr'><strong>juin</strong></span> <span class='ocrx_word' id='word_1_224' title='bbox 1118 2284 1220 2322; x_wconf 75' lang='lat'><strong>1467</strong></span> <span class='ocrx_word' id='word_1_225' title='bbox 1251 2283 1279 2321; x_wconf 92' lang='lat' dir='ltr'><strong>il</strong></span> <span class='ocrx_word' id='word_1_226' title='bbox 1299 2282 1526 2334; x_wconf 76' lang='lat' dir='ltr'><strong>debarquait</strong></span> <span class='ocrx_word' id='word_1_227' title='bbox 1543 2285 1567 2322; x_wconf 73' lang='grc' dir='ltr'>ὲ</span> <span class='ocrx_word' id='word_1_228' title='bbox 1593 2284 1792 2326; x_wconf 76' lang='lat' dir='ltr'><strong>Sandwich</strong></span> <span class='ocrx_word' id='word_1_229' title='bbox 1811 2298 1912 2336; x_wconf 85' lang='lat' dir='ltr'><strong>pour</strong></span> 
     </span>
     <span class='ocr_line' id='line_1_28' title="bbox 490 2344 1909 2396; baseline 0.002 -12"><span class='ocrx_word' id='word_1_230' title='bbox 490 2346 585 2384; x_wconf 81' lang='lat' dir='ltr'><strong>aller</strong></span> <span class='ocrx_word' id='word_1_231' title='bbox 604 2345 779 2383; x_wconf 77' lang='lat' dir='ltr'><strong>conferor</strong></span> <span class='ocrx_word' id='word_1_232' title='bbox 797 2344 844 2383; x_wconf 90' lang='lat' dir='ltr'><strong>de</strong></span> <span class='ocrx_word' id='word_1_233' title='bbox 863 2357 934 2396; x_wconf 85' lang='lat' dir='ltr'><strong>par</strong></span> <span class='ocrx_word' id='word_1_234' title='bbox 951 2344 987 2385; x_wconf 86' lang='lat' dir='ltr'><strong>le</strong></span> <span class='ocrx_word' id='word_1_235' title='bbox 1005 2344 1064 2382; x_wconf 84' lang='lat' dir='ltr'><strong>roi</strong></span> <span class='ocrx_word' id='word_1_236' title='bbox 1086 2357 1181 2383; x_wconf 89' lang='lat' dir='ltr'><strong>avec</strong></span> <span class='ocrx_word' id='word_1_237' title='bbox 1210 2345 1246 2383; x_wconf 90' lang='lat' dir='ltr'><strong>le</strong></span> <span class='ocrx_word' id='word_1_238' title='bbox 1272 2353 1398 2385; x_wconf 86' lang='lat' dir='ltr'><strong>comte</strong></span> <span class='ocrx_word' id='word_1_239' title='bbox 1422 2346 1470 2384; x_wconf 91' lang='lat' dir='ltr'><strong>de</strong></span> <span class='ocrx_word' id='word_1_240' title='bbox 1497 2346 1685 2387; x_wconf 82' lang='lat' dir='ltr'><strong>Warwick</strong></span> <span class='ocrx_word' id='word_1_241' title='bbox 1700 2349 1725 2384; x_wconf 65' lang='lat' dir='ltr'><strong>a</strong></span> <span class='ocrx_word' id='word_1_242' title='bbox 1750 2349 1909 2388; x_wconf 77' lang='lat' dir='ltr'><strong>Cantor-</strong></span> 
     </span>
     <span class='ocr_line' id='line_1_29' title="bbox 493 2406 1911 2465; baseline 0.002 -19"><span class='ocrx_word' id='word_1_243' title='bbox 493 2408 602 2458; x_wconf 79' lang='lat' dir='ltr'><strong>bery.</strong></span> <span class='ocrx_word' id='word_1_244' title='bbox 632 2407 665 2444; x_wconf 89' lang='grc'><strong>11</strong></span> <span class='ocrx_word' id='word_1_245' title='bbox 689 2415 745 2444; x_wconf 91' lang='lat' dir='ltr'><strong>est</strong></span> <span class='ocrx_word' id='word_1_246' title='bbox 769 2406 923 2444; x_wconf 77' lang='lat' dir='ltr'><strong>nomme</strong></span> <span class='ocrx_word' id='word_1_247' title='bbox 943 2419 1013 2457; x_wconf 87' lang='lat' dir='ltr'><strong>par</strong></span> <span class='ocrx_word' id='word_1_248' title='bbox 1044 2407 1204 2446; x_wconf 87' lang='lat' dir='ltr'><strong>Molinet</strong></span> <span class='ocrx_word' id='word_1_249' title='bbox 1233 2420 1384 2446; x_wconf 89' lang='lat' dir='ltr'><strong>comme</strong></span> <span class='ocrx_word' id='word_1_250' title='bbox 1411 2408 1490 2446; x_wconf 88' lang='lat' dir='ltr'><strong>l’un</strong></span> <span class='ocrx_word' id='word_1_251' title='bbox 1523 2407 1590 2446; x_wconf 86' lang='lat' dir='ltr'><strong>des</strong></span> <span class='ocrx_word' id='word_1_252' title='bbox 1618 2409 1825 2460; x_wconf 83' lang='lat' dir='ltr'><strong>capitaines</strong></span> <span class='ocrx_word' id='word_1_253' title='bbox 1843 2410 1911 2465; x_wconf 85' lang='lat' dir='ltr'><strong>qui</strong></span> 
     </span>
     <span class='ocr_line' id='line_1_30' title="bbox 493 2467 1910 2521; baseline 0.002 -13"><span class='ocrx_word' id='word_1_254' title='bbox 493 2468 762 2508; x_wconf 84' lang='lat' dir='ltr'><strong>combattirent</strong></span> <span class='ocrx_word' id='word_1_255' title='bbox 791 2470 814 2505; x_wconf 71' lang='lat' dir='ltr'><strong>a</strong></span> <span class='ocrx_word' id='word_1_256' title='bbox 836 2467 874 2505; x_wconf 92' lang='lat' dir='ltr'><strong>la</strong></span> <span class='ocrx_word' id='word_1_257' title='bbox 896 2467 1059 2515; x_wconf 69' lang='lat' dir='ltr'><strong>journee</strong></span> <span class='ocrx_word' id='word_1_258' title='bbox 1082 2467 1384 2521; x_wconf 84' lang='lat' dir='ltr'><strong>d&#39;Enquinegate</strong></span> <span class='ocrx_word' id='word_1_259' title='bbox 1401 2471 1551 2518; x_wconf 70' lang='lat'>(1479).</span> <span class='ocrx_word' id='word_1_260' title='bbox 1573 2473 1635 2508; x_wconf 88' lang='lat' dir='ltr'><strong>Au</strong></span> <span class='ocrx_word' id='word_1_261' title='bbox 1654 2470 1750 2510; x_wconf 89' lang='lat' dir='ltr'><strong>mois</strong></span> <span class='ocrx_word' id='word_1_262' title='bbox 1769 2470 1818 2510; x_wconf 89' lang='lat' dir='ltr'><strong>de</strong></span> <span class='ocrx_word' id='word_1_263' title='bbox 1839 2471 1910 2511; x_wconf 73' lang='lat' dir='ltr'><strong>de-</strong></span> 
     </span>
     <span class='ocr_line' id='line_1_31' title="bbox 493 2531 1911 2582; baseline 0.002 -11"><span class='ocrx_word' id='word_1_264' title='bbox 493 2532 649 2572; x_wconf 77' lang='lat' dir='ltr'><strong>cembre</strong></span> <span class='ocrx_word' id='word_1_265' title='bbox 668 2533 793 2579; x_wconf 72' lang='lat'><strong>1483,</strong></span> <span class='ocrx_word' id='word_1_266' title='bbox 822 2531 934 2582; x_wconf 74' lang='lat' dir='ltr'><strong>apres</strong></span> <span class='ocrx_word' id='word_1_267' title='bbox 958 2531 996 2568; x_wconf 83' lang='lat' dir='ltr'><strong>la</strong></span> <span class='ocrx_word' id='word_1_268' title='bbox 1026 2539 1127 2569; x_wconf 84' lang='lat' dir='ltr'><strong>mort</strong></span> <span class='ocrx_word' id='word_1_269' title='bbox 1156 2531 1204 2569; x_wconf 86' lang='lat' dir='ltr'><strong>de</strong></span> <span class='ocrx_word' id='word_1_270' title='bbox 1226 2532 1344 2570; x_wconf 83' lang='lat' dir='ltr'><strong>Louis</strong></span> <span class='ocrx_word' id='word_1_271' title='bbox 1373 2534 1430 2572; x_wconf 86' lang='lat' dir='ltr'><strong>XI</strong></span> <span class='ocrx_word' id='word_1_272' title='bbox 1446 2564 1457 2580; x_wconf 88' lang='lat'><strong>,</strong></span> <span class='ocrx_word' id='word_1_273' title='bbox 1485 2533 1513 2571; x_wconf 87' lang='lat' dir='ltr'><strong>il</strong></span> <span class='ocrx_word' id='word_1_274' title='bbox 1538 2533 1751 2573; x_wconf 80' lang='lat' dir='ltr'><strong>s’inn&#39;tulait</strong></span> <span class='ocrx_word' id='word_1_275' title='bbox 1771 2546 1911 2574; x_wconf 77' lang='lat' dir='ltr'><strong>encore</strong></span> 
     </span>
     <span class='ocr_line' id='line_1_32' title="bbox 498 2593 1913 2647; baseline 0.005 -17"><span class='ocrx_word' id='word_1_276' title='bbox 498 2614 514 2630; x_wconf 87' lang='lat'>«</span> <span class='ocrx_word' id='word_1_277' title='bbox 541 2596 698 2646; x_wconf 77' lang='lat' dir='ltr'><strong>ecuye1·‚</strong></span> <span class='ocrx_word' id='word_1_278' title='bbox 728 2594 906 2646; x_wconf 86' lang='lat' dir='ltr'><strong>seigneur</strong></span> <span class='ocrx_word' id='word_1_279' title='bbox 924 2593 978 2631; x_wconf 93' lang='lat' dir='ltr'><strong>du</strong></span> <span class='ocrx_word' id='word_1_280' title='bbox 999 2593 1402 2646; x_wconf 85' lang='lat' dir='ltr'><strong>Mont-de-la-Vigne,</strong></span> <span class='ocrx_word' id='word_1_281' title='bbox 1430 2595 1620 2647; x_wconf 88' lang='lat' dir='ltr'><strong>capitaine</strong></span> <span class='ocrx_word' id='word_1_282' title='bbox 1640 2597 1688 2635; x_wconf 90' lang='lat' dir='ltr'><strong>de</strong></span> <span class='ocrx_word' id='word_1_283' title='bbox 1705 2597 1744 2635; x_wconf 88' lang='lat' dir='ltr'><strong>la</strong></span> <span class='ocrx_word' id='word_1_284' title='bbox 1764 2597 1856 2636; x_wconf 78' lang='lat' dir='ltr'><strong>ville</strong></span> <span class='ocrx_word' id='word_1_285' title='bbox 1873 2607 1913 2637; x_wconf 82' lang='lat' dir='ltr'><strong>et.</strong></span> 
     </span>
     <span class='ocr_line' id='line_1_33' title="bbox 494 2656 1910 2707; baseline 0.002 -11"><span class='ocrx_word' id='word_1_286' title='bbox 494 2657 638 2696; x_wconf 82' lang='lat' dir='ltr'><strong>chastel</strong></span> <span class='ocrx_word' id='word_1_287' title='bbox 658 2657 707 2695; x_wconf 88' lang='lat' dir='ltr'><strong>de</strong></span> <span class='ocrx_word' id='word_1_288' title='bbox 724 2659 882 2707; x_wconf 84' lang='lat' dir='ltr'><strong>Bayeux</strong></span> <span class='ocrx_word' id='word_1_289' title='bbox 895 2683 906 2703; x_wconf 92' lang='lat'><strong>,</strong></span> <span class='ocrx_word' id='word_1_290' title='bbox 925 2663 1042 2706; x_wconf 75' lang='lat' dir='ltr'><strong>ayant</strong></span> <span class='ocrx_word' id='word_1_291' title='bbox 1062 2656 1139 2694; x_wconf 94' lang='lat' dir='ltr'><strong>don</strong></span> <span class='ocrx_word' id='word_1_292' title='bbox 1163 2656 1270 2706; x_wconf 79' lang='lat' dir='ltr'><strong>royal</strong></span> <span class='ocrx_word' id='word_1_293' title='bbox 1293 2656 1346 2695; x_wconf 94' lang='lat' dir='ltr'><strong>du</strong></span> <span class='ocrx_word' id='word_1_294' title='bbox 1370 2670 1517 2696; x_wconf 83' lang='lat' dir='ltr'><strong>revenu</strong></span> <span class='ocrx_word' id='word_1_295' title='bbox 1539 2659 1591 2697; x_wconf 91' lang='lat' dir='ltr'><strong>du</strong></span> <span class='ocrx_word' id='word_1_296' title='bbox 1609 2659 1787 2698; x_wconf 84' lang='lat' dir='ltr'><strong>domaine</strong></span> <span class='ocrx_word' id='word_1_297' title='bbox 1805 2656 1910 2699; x_wconf 77' lang='lat' dir='ltr'><strong>de&#39;la</strong></span> 
     </span>
     <span class='ocr_line' id='line_1_34' title="bbox 494 2715 1908 2772; baseline 0.003 -17"><span class='ocrx_word' id='word_1_298' title='bbox 494 2717 661 2756; x_wconf 78' lang='lat' dir='ltr'><strong>vicomte</strong></span> <span class='ocrx_word' id='word_1_299' title='bbox 680 2717 728 2755; x_wconf 90' lang='lat' dir='ltr'><strong>de</strong></span> <span class='ocrx_word' id='word_1_300' title='bbox 750 2719 922 2767; x_wconf 83' lang='lat' dir='ltr'><strong>Bayeux.</strong></span> <span class='ocrx_word' id='word_1_301' title='bbox 949 2732 965 2749; x_wconf 69' lang='lat' dir='ltr'><strong>n</strong></span> <span class='ocrx_word' id='word_1_302' title='bbox 1001 2715 1167 2767; x_wconf 72' lang='lat' dir='ltr'><strong>(Gedule</strong></span> <span class='ocrx_word' id='word_1_303' title='bbox 1195 2715 1380 2767; x_wconf 72' lang='lat' dir='ltr'><strong>originale</strong></span> <span class='ocrx_word' id='word_1_304' title='bbox 1408 2717 1503 2757; x_wconf 81' lang='lat' dir='ltr'><strong>dans</strong></span> <span class='ocrx_word' id='word_1_305' title='bbox 1533 2719 1569 2758; x_wconf 89' lang='lat' dir='ltr'><strong>le</strong></span> <span class='ocrx_word' id='word_1_306' title='bbox 1601 2731 1671 2758; x_wconf 85' lang='lat' dir='ltr'><strong>ms.</strong></span> <span class='ocrx_word' id='word_1_307' title='bbox 1694 2719 1831 2772; x_wconf 83' lang='lat' dir='ltr'><strong>Suppl.</strong></span> <span class='ocrx_word' id='word_1_308' title='bbox 1858 2721 1908 2759; x_wconf 78' lang='lat' dir='ltr'><strong>fr.</strong></span> 
     </span>
     <span class='ocr_line' id='line_1_35' title="bbox 496 2778 974 2831; baseline -0.004 -14"><span class='ocrx_word' id='word_1_309' title='bbox 496 2782 600 2819; x_wconf 71' lang='lat'>2539</span> <span class='ocrx_word' id='word_1_310' title='bbox 621 2780 669 2818; x_wconf 90' lang='lat' dir='ltr'><strong>de</strong></span> <span class='ocrx_word' id='word_1_311' title='bbox 687 2779 726 2818; x_wconf 92' lang='lat' dir='ltr'><strong>la</strong></span> <span class='ocrx_word' id='word_1_312' title='bbox 741 2778 840 2817; x_wconf 84' lang='lat' dir='ltr'><strong>Bibl.</strong></span> <span class='ocrx_word' id='word_1_313' title='bbox 861 2778 974 2831; x_wconf 89' lang='lat' dir='ltr'><strong>imp.)</strong></span> 
     </span>
    </p>
   </div>
   <div class='ocr_carea' id='block_1_4' title="bbox 1952 2427 2060 3213">
    <p class='ocr_par' dir='ltr' id='par_1_6' title="bbox 1952 2427 2060 3213">
     <span class='ocr_line' id='line_1_36' title="bbox 2052 2427 2060 2511; baseline 0 0"><span class='ocrx_word' id='word_1_314' title='bbox 2052 2427 2060 2511; x_wconf 61' lang='grc' dir='ltr'>ἕ</span> 
     </span>
     <span class='ocr_line' id='line_1_37' title="bbox 2052 2526 2060 2558; baseline 0 0"><span class='ocrx_word' id='word_1_315' title='bbox 2052 2526 2060 2558; x_wconf 71' lang='grc'><strong>1</strong></span> 
     </span>
     <span class='ocr_line' id='line_1_38' title="bbox 2051 2563 2060 2652; baseline 0 0"><span class='ocrx_word' id='word_1_316' title='bbox 2051 2563 2060 2652; x_wconf 72' lang='grc' dir='ltr'>ἔ</span> 
     </span>
     <span class='ocr_line' id='line_1_39' title="bbox 2051 2658 2060 2714; baseline 0 0"><span class='ocrx_word' id='word_1_317' title='bbox 2051 2658 2060 2714; x_wconf 72' lang='grc' dir='ltr'>ἔ</span> 
     </span>
     <span class='ocr_line' id='line_1_40' title="bbox 2048 2722 2060 2942; baseline 0 0"><span class='ocrx_word' id='word_1_318' title='bbox 2048 2722 2060 2942; x_wconf 66' lang='grc' dir='ltr'>ἒ</span> 
     </span>
     <span class='ocr_line' id='line_1_41' title="bbox 1952 2942 2060 3073; baseline 0 23"><span class='ocrx_word' id='word_1_319' title='bbox 1952 2942 2060 3073; x_wconf 61' lang='lat'><strong>³³</strong></span> 
     </span>
     <span class='ocr_line' id='line_1_42' title="bbox 2046 3117 2060 3213; baseline 0 -70"><span class='ocrx_word' id='word_1_320' title='bbox 2046 3117 2060 3213; x_wconf 64' lang='grc' dir='ltr'><strong>ἒ</strong></span> 
     </span>
    </p>
   </div>
  </div>
 </body>
</html>
