2060 3392
678 330 825 368 LIBER
862 331 1064 371 SEXTUS.
1178 335 1182 338 ⁴
1533 333 1574 370 31

164 414 384 470 eamdem
403 417 650 465 ecclesiam
674 418 771 464 suis
795 418 1026 466 thesauris
1047 427 1095 466 et
1118 417 1354 482 jocalibus
1376 419 1582 483 antiquis

166 494 345 559 majore
370 510 428 542 ex
451 505 583 560 parte
610 495 854 560 spoliasset
877 515 889 543 ε
922 495 1072 560 quod,
1106 512 1135 544 a
1163 496 1243 545 tali
1275 496 1501 544 scelerato
1525 513 1582 544 ac

165 573 325 638 rapaci
346 573 562 630 ministro
587 583 824 638 patratum
859 573 1016 621 forsan
1032 611 1045 635 ‚
1070 573 1119 620 in
1147 589 1307 637 regem
1344 575 1582 622 insontem

165 657 308 712 atque
317 648 567 695 innoxium
592 649 865 712 intorquere
885 648 1008 696 sama
1016 658 1252 714 potuerat.

174 727 182 736 “
229 727 330 772 Hac
363 725 522 788 itaque
554 725 741 772 civitate
759 735 898 772 utens
935 743 1017 773 rex
1039 743 1127 790 pro
1151 725 1306 788 libito,
1331 737 1380 774 et
1406 728 1454 774 in
1477 745 1583 776 eam

165 801 406 852 advocans
441 818 662 866 magnam
683 813 870 868 partem
889 819 1080 850 suarum
1106 805 1376 869 copiarum,
1393 808 1584 853 Hanno-

167 880 255 927 niae
270 895 410 943 agros
436 879 573 944 igne,
600 879 723 927 ferro
749 889 890 944 atque
905 881 1083 945 rapinis
1107 882 1327 946 populari
1343 898 1586 945 aggressus

166 968 236 1006 est
251 995 265 1019 ,
289 958 405 1006 etin
428 973 485 1005 ea
502 958 660 1022 plures
683 958 816 1005 villas
839 958 1042 1023 optimas
1058 958 1282 1006 incendio
1304 960 1515 1007 vastavit.

651 1153 995 1199 CAPITULUM
1031 1155 1088 1198 ΙΧ
1099 1188 1108 1198 .

216 1279 268 1313 De
283 1277 545 1325 expugnatione
562 1276 689 1324 oppidi
708 1282 872 1321 Ave-mes,
892 1276 993 1312 ducis
1013 1277 1166 1312 Geldriae
1183 1278 1277 1313 caede
1289 1306 1297 1321 ,
1317 1288 1349 1313 et
1368 1280 1540 1314 exercitus

464 1333 728 1381 Flamingorum
748 1333 996 1381 profligatione
1011 1343 1046 1369 et
1061 1334 1293 1382 dispersione.

235 1459 396 1504 Castra
417 1455 559 1503 etiam
576 1465 744 1503 contra
759 1454 992 1521 oppidum
1008 1456 1214 1503 Avennis
1226 1457 1408 1521 posuit,
1428 1456 1477 1502 in
1492 1474 1589 1520 quo

169 1551 227 1583 ex
245 1532 497 1581 Brabantia
521 1542 567 1579 et
583 1532 840 1579 Hannonia
860 1531 1129 1596 praesidium
1153 1533 1356 1579 militum
1381 1533 1590 1583 locatum

170 1608 420 1656 exstiterat.
447 1607 540 1666 Qui
561 1617 727 1654 contra
740 1610 1033 1674 Francorum
1056 1608 1287 1673 impetum
1312 1618 1359 1654 et
1384 1607 1592 1657 obsidio-

171 1699 283 1730 nem
304 1681 538 1748 oppidum
557 1681 737 1729 fortiter
750 1682 933 1746 aliquot
945 1681 1114 1729 diebus
1132 1683 1270 1730 tutati
1289 1693 1414 1730 sunt.
1443 1687 1589 1733 Porro

171 1777 283 1808 cum
302 1761 414 1807 totis
429 1759 609 1807 viribus
630 1760 767 1822 regii,
794 1760 877 1823 qui
902 1776 1078 1822 magno
1101 1770 1236 1806 erant
1267 1777 1488 1822 numero,
1512 1761 1591 1809 de-

166 1836 301 1900 Jectis
325 1838 534 1902 primum
558 1837 929 1902 propugnaculis
958 1847 1004 1884 et
1035 1837 1308 1884 tutamentis
1339 1838 1588 1901 moenium,

146 1902 155 1908 ”
171 1929 442 1981 expugnare
456 1914 723 1962 statuissent
735 1913 969 1978 oppidum
984 1950 996 1972 ‚
1011 1914 1121 1960 licet
1130 1923 1318 1961 strenue
1329 1915 1438 1962 satis
1450 1931 1592 1979 agen-

173 1985 301 2035 tibus
327 1988 410 2052 qui
445 1987 538 2035 illic
568 2004 657 2053 pro
681 1987 956 2035 defensione
985 1986 1265 2050 adstabant,
1297 1988 1491 2037 tandem
1522 2000 1592 2038 ta-

173 2082 283 2112 men
307 2064 369 2113 ab
395 2064 722 2112 obsessoribus
737 2074 1058 2130 expugnatum
1077 2065 1311 2130 oppidum
1333 2075 1381 2114 et
1399 2077 1592 2133 captum

173 2140 296 2202 suiv,
334 2140 549 2206 factaque
587 2139 653 2186 ibi
677 2140 826 2187 caedes
859 2140 1063 2205 plurima
1086 2140 1262 2188 civium
1291 2150 1339 2188 et
1359 2141 1562 2190 aliorum
1577 2182 1589 2204 ‚

173 2234 296 2283 quos
310 2218 467 2283 primo
487 2218 667 2283 impetu
690 2218 892 2264 victores
917 2218 1085 2265 Franci
1107 2216 1277 2266 obvios
1298 2217 1587 2267 habuerunt.

174 2298 308 2362 Capti
332 2297 523 2346 suerunt
540 2297 635 2343 illic
659 2296 883 2344 dominus
894 2295 954 2343 de
970 2295 1288 2343 Calenburclz²
1303 2307 1350 2344 et
1370 2297 1593 2345 dominus

175 2374 235 2421 de
259 2375 486 2434 Perwez',
519 2389 629 2420 cum
653 2373 896 2420 nonnullis
927 2372 1029 2420 aliis
1063 2371 1328 2433 nobilibus,
1365 2374 1447 2438 qui
1474 2374 1592 2422 inibi

175 2450 237 2498 ad
258 2450 510 2499 tutandum
529 2450 762 2515 oppidum
782 2449 966 2496 fuerant
988 2449 1249 2497 collocati&

231 2579 269 2615 1.
302 2577 353 2614 12
372 2576 456 2624 juin
475 2577 595 2614 1477.

231 2641 270 2677 2.
299 2637 473 2689 Gaspard
484 2669 495 2688 ,
515 2637 691 2690 seigneur
708 2636 756 2675 de
774 2635 1032 2688 Culenbourg.

232 2703 269 2739 3.
300 2701 430 2739 Pet-mi
439 2699 534 2738 dans
543 2699 579 2738 le
589 2713 661 2738 ms.
671 2699 771 2738 C’est
780 2699 899 2737 Henri
909 2698 957 2736 de
970 2701 1136 2746 Hornes,
1146 2700 1323 2750 seigneur
1330 2698 1378 2737 de
1386 2698 1589 2737 Peruwels.

232 2766 270 2802 la.
301 2765 373 2801 Les
394 2761 528 2801 nobles
555 2775 595 2801 se
621 2762 804 2800 livrerent
831 2761 975 2813 malgre
1003 2761 1039 2799 la
1058 2774 1282 2806 commune,
1308 2761 1372 2812 qui
1395 2760 1592 2800 combatu‘t

175 2824 327 2878 jusqu'a
346 2825 380 2862 la
399 2824 574 2863 demiere
593 2823 806 2862 extr-emite.
830 2823 1000 2865 Molinet,
1023 2832 1049 2860 t.
1072 2825 1129 2870 11,
1151 2823 1212 2861 ch.
1236 2836 1330 2861 χιιι.
