2060 3392
642 282 789 320 unm
813 280 1016 320 ramus.
1455 267 1530 316 aas

115 372 446 420 imminentem
486 368 867 436 persecutionem
907 366 1217 433 corporaliter
1253 365 1532 432 parochiam

115 448 332 497 deserere
345 485 359 511 ,
392 456 441 496 et
469 446 532 495 ad
562 445 709 494 alium
740 460 960 493 securum
994 444 1158 492 locum
1192 459 1243 491 se
1280 442 1528 490 conferre:

115 545 393 595 quanquam
420 527 542 575 nihil
575 525 887 574 dubitationis
923 523 1099 572 habeat
1132 524 1251 589 quin
1279 522 1376 572 hoc
1405 523 1533 572 licite

116 607 266 673 possit
279 644 293 669 ,
333 603 419 654 ubi
450 605 580 652 solus
611 613 774 670 pastor
809 602 1165 668 persequendus
1201 602 1424 666 quaeritur
1459 603 1535 650 vel

0 650 5 658 μ
30 734 35 739 ,
117 684 430 732 verisimiliter
465 683 780 748 praesumitur‚
819 690 867 728 et
901 696 989 746 per
1023 681 1141 729 alios
1175 681 1350 729 idonee
1385 681 1536 745 gregis

116 761 348 811 dominici
371 759 510 810 saluti
529 759 807 826 providetur
822 768 871 807 et
890 758 1170 807 consulitur.

539 963 892 1038 CAPITULUM'
932 963 1098 1010 XXVI.

195 1108 355 1156 Qualiter
370 1107 409 1144 vi
420 1106 568 1156 praecisa
582 1104 730 1143 ecclesia
745 1113 780 1141 et
794 1104 909 1153 patria
923 1104 1050 1152 procul
1065 1103 1185 1138 abesse
1201 1101 1315 1138 coacti
1329 1114 1462 1139 sumus.

184 1238 381 1288 Notoria
400 1235 596 1302 quidem
618 1234 706 1282 fuit
726 1243 774 1282 et
792 1242 863 1281 est
886 1243 1203 1298 tyrannorum
1226 1233 1489 1298 oppressio,
1512 1249 1542 1280 a

118 1316 294 1383 quibus
313 1314 562 1382 provincia
577 1310 943 1360 lamentabiliter
959 1320 1007 1358 et
1026 1326 1161 1376 paene
1183 1309 1542 1358 intolerabiliter

118 1395 342 1459 affligitur
368 1402 417 1441 et
444 1392 696 1449 laceratur,
731 1398 900 1436 contra
933 1404 1079 1452 quam
1110 1404 1141 1436 a
1171 1387 1333 1435 multis
1367 1396 1543 1435 morta-

119 1473 263 1534 lium,
305 1481 353 1519 et
387 1471 445 1518 iis
471 1469 733 1534 plurimum
764 1465 848 1531 qui
880 1465 1164 1513 oculatiores
1201 1475 1344 1530 atque
1379 1466 1429 1512 in
1466 1465 1542 1513 his

118 1548 261 1598 rebus
291 1547 515 1596 humanis
538 1543 897 1593 aestimabantur
925 1542 1258 1608 prudentiores
1271 1578 1284 1602 ,
1310 1543 1446 1607 quasi
1467 1542 1541 1590 di-

118 1627 295 1675 vinitus
315 1625 471 1674 aditus
491 1621 811 1672 arbitrabatur
827 1630 875 1668 et
905 1619 1188 1668 credebatur
1207 1629 1415 1685 apertus,
1443 1629 1542 1669 tam

119 1704 318 1753 immani
347 1714 396 1751 et
424 1702 709 1751 calamitosae
744 1698 1043 1764 oppressioni
1072 1714 1158 1763 per
1189 1698 1405 1745 medium
1439 1715 1543 1762 ger-

35 1793 38 1795 ’
120 1784 252 1832 mani
273 1783 395 1846 regis
418 1781 516 1845 (cui
549 1783 679 1827 Deus
698 1794 799 1825 esse
820 1776 1054 1841 propitius
1080 1775 1320 1839 dignetur)
1349 1786 1396 1823 et
1417 1777 1544 1824 illus-

119 1862 267 1909 trium
296 1856 747 1926 principum-totius
779 1854 912 1917 regni
954 1869 1096 1918 posse
1129 1852 1331 1914 mederi,
1372 1863 1419 1900 et
1444 1871 1541 1920 «op-

119 1939 291 2006 pressis
331 1935 590 1985 subveniri.
635 1936 743 1991 Qua
784 1947 867 1996 spe
906 1929 1011 1977 freti
1046 1938 1093 1976 et
1136 1930 1180 1976 ei
1220 1930 1399 1991 innixi,
1438 1932 1542 1980 zelo

120 2016 325 2065 caritatis
341 2051 354 2075 ,
377 2029 521 2079 quam
547 2020 657 2077 post
679 2012 834 2057 Deum
862 2007 925 2056 ad
945 2007 1148 2072 patriam
1177 2008 1434 2056 maximam
1455 2010 1543 2058 ha-

117 2093 305 2154 bemus,
325 2091 548 2158 permoti,
572 2097 626 2135 ut
648 2086 831 2134 miseris
850 2085 909 2132 de
931 2085 1106 2132 auxilio
1129 2095 1405 2150 opportuno
1429 2088 1541 2137 sub-

47 2156 71 2172 .,
119 2174 380 2233 veniretur,
403 2187 505 2218 non
536 2165 859 2215 dubitavimus
879 2180 936 2211 ex
958 2163 1158 2211 adverso
1182 2180 1293 2210 cum
1316 2164 1394 2228 iis,
1419 2183 1540 2231 quos

121 2252 262 2301 simili
283 2251 452 2300 ductos
474 2248 666 2296 caritate.
699 2242 1066 2304 arbitrabamur,
1100 2244 1356 2291 ascendere
1382 2256 1429 2293 et
1450 2263 1541 2296 nos

121 2346 312 2378 murum
345 2321 633 2376 defensionis
656 2337 902 2388 opponere
922 2336 1012 2385 pro
1040 2319 1188 2369 domo
1211 2323 1367 2370 Israel.
1396 2325 1540 2382 Quod

121 2417 247 2456 certe
276 2422 376 2454 non
412 2405 513 2452 sine
542 2417 720 2465 magno
748 2399 913 2464 capitis
946 2397 1216 2446 discrimine
1250 2399 1535 2462 agebamus3

121 2485 231 2547 sed,
256 2495 310 2532 ut
329 2493 464 2532 vetus
485 2481 698 2529 comicus
731 2478 797 2531 ait
819 2495 829 2523 :

210 2595 311 2638 Non
329 2593 376 2636 fit
393 2592 483 2635 sine
504 2588 662 2651 periclo
683 2587 844 2631 facinus
859 2600 1063 2646 magnum
1078 2596 1121 2628 et
1138 2586 1432 2630 memorabile.

126 2708 181 2753 In
215 2719 314 2768 quo
355 2699 583 2749 obeundo
627 2698 732 2744 vitae
772 2695 984 2760 periculo
1025 2711 1115 2759 pro
1147 2694 1298 2759 patria
1338 2704 1386 2742 et
1421 2695 1539 2743 rele-

125 2790 349 2831 vamento
373 2779 654 2826 miserorum
685 2790 714 2822 a
749 2773 891 2821 tantis
921 2771 1317 2837 ,oppressionibus
1331 2810 1342 2829 ,
1372 2773 1540 2820 caritas
