2060 3392
734 272 883 322 mm
916 271 1168 314 numus.
1567 274 1643 313 ¹⁵⁹

224 370 524 420 remanente,
561 370 616 408 ut
647 376 732 426 per
765 360 891 408 dies¹
922 359 984 409 de
1019 359 1324 411 reformanda
1360 370 1408 410 et
1434 363 1646 409 reconci-

224 439 387 492 lianda
411 455 530 506 pace
559 438 718 487 nullus
752 454 910 487 sermo
930 439 1121 504 penitus
1136 438 1410 491 haberetur.
1442 440 1647 489 Retinuit

225 528 386 568 autem
421 519 521 584 ipse
552 518 649 567 dux
684 517 993 567 domicellum
1009 521 1013 538 ³
1029 518 1090 566 de
1122 518 1266 566 Clivis
1294 518 1534 583 captivum
1547 554 1560 578 ‚
1599 529 1648 567 et

226 596 493 647 Gerardum
522 594 876 659 Zondenbalclz,
904 595 1363 660 burgimagistrum¹,
1396 613 1549 645 unum
1588 616 1646 648 ex

225 674 409 726 civibus
429 675 512 739 qui
537 691 588 722 se
609 673 741 739 apud
763 690 900 734 eum,
935 683 989 721 ut
1020 674 1313 739 praemissum
1339 683 1432 736 est,
1457 673 1648 727 obsides

225 752 584 803 constituerant.
618 754 829 800 Fuerunt
859 761 1021 800 tamen
1062 752 1146 816 qui
1173 750 1387 800 dicerent
1421 752 1648 816 injustum

226 829 368 879 fuisse
390 845 475 877 eos
495 830 563 877 sie
583 829 786 878 retinere
799 865 812 889 ‚
841 845 931 877 nec
952 829 1240 894 promissam
1262 830 1329 877 eis
1349 830 1649 883 securitatem

225 906 315 957 rite
338 906 479 956 finisse
507 917 760 957 servatam.
795 906 964 967 Quod,
993 908 1076 971 qui
1107 907 1158 954 in
1185 917 1404 955 neutram
1435 917 1645 973 partem,

226 983 312 1035 sod
333 983 563 1048 justitiam
588 985 834 1035 dumtaxat
855 983 1200 1044 afficiebantur,
1230 985 1365 1032 aliter
1394 1001 1494 1033 esse
1527 1003 1650 1036 asse·

226 1061 414 1113 rebant.
467 1065 678 1111 Fuerunt
709 1063 853 1111 etiam
892 1063 975 1126 qui
1022 1062 1237 1111 dicerent
1277 1079 1362 1128 per
1401 1063 1651 1128 praedictos

226 1156 277 1195 et
307 1146 562 1195 dominum
591 1146 654 1195 de
691 1148 930 1212 Montsort
958 1145 1284 1194 machinatum
1316 1146 1455 1194 sujsse
1483 1147 1651 1196 dolum

227 1231 279 1283 in
297 1231 580 1297 principem,
606 1246 768 1295 quem,
794 1231 834 1277 si
855 1230 1094 1277 civitatem
1114 1246 1226 1277 cum
1246 1229 1326 1277 illa
1344 1246 1492 1278 manu
1516 1231 1652 1279 dum-

229 1318 358 1358 taxat
390 1325 536 1373 quam
569 1317 890 1374 poposcerant
931 1307 1092 1355 fuisset
1125 1308 1385 1371 ingressus,
1424 1309 1652 1373 appositis

231 1386 417 1435 occulte
464 1387 515 1434 in
557 1386 697 1434 certis
739 1385 920 1433 aedibus
965 1384 1148 1432 insidiis
1161 1421 1173 1444 ,
1220 1385 1564 1435 circumvenire
1606 1398 1653 1435 et

228 1464 463 1530 perimere
486 1480 597 1511 cum
618 1464 715 1512 suis
738 1462 1056 1510 decrevissent
1082 1482 1093 1509 :
1119 1464 1203 1527 qui
1227 1463 1367 1511 dolus
1387 1479 1417 1511 a
1439 1464 1653 1527 quodam

232 1543 471 1607 transfuga
503 1558 616 1589 cum
651 1541 855 1606 principi
891 1540 1054 1588 fuisset
1098 1541 1364 1601 nuntiatus,
1402 1541 1654 1605 praedictos

231 1619 355 1667 duos
370 1621 569 1684 Jusserat
583 1619 796 1683 captivos
814 1617 1042 1666 asservari
1062 1627 1110 1664 et
1122 1618 1174 1664 in
1193 1633 1432 1665 carcerem
1450 1618 1648 1665 recludi.

297 1697 426 1755 Quid
446 1706 607 1744 autem
623 1695 684 1744 de
699 1695 777 1743 his
793 1695 953 1760 potius
974 1711 1143 1742 verum
1164 1694 1265 1742 sore
1279 1694 1575 1742 credendum
1596 1697 1655 1743 sit

234 1772 438 1822 diffinire
458 1789 559 1820 non
580 1773 923 1838 praesumimus,
950 1772 1083 1836 quod
1099 1788 1199 1819 non
1222 1773 1332 1819 satis
1354 1783 1654 1837 compertum

234 1850 487 1900 habemus..
510 1854 547 1897 A
569 1850 814 1898 nonnullis
833 1850 964 1897 enim
979 1850 1062 1911 sic,
1081 1849 1142 1896 ab
1163 1849 1266 1896 aliis
1281 1850 1417 1898 aliter
1433 1867 1507 1898 res
1529 1862 1656 1914 gesta

235 1928 376 1977 fuisse
397 1927 695 1976 narrabatur.
729 1930 923 1975 Certum
957 1937 1144 1975 tantum
1175 1937 1269 1989 est,
1303 1938 1412 1993 post
1441 1929 1656 1993 hujusce-

235 2007 369 2055 modi
405 2016 681 2054 attentatam
710 2006 1109 2072 expugnationem
1137 2015 1184 2052 et
1215 2005 1549 2070 praedictorum
1573 2009 1655 2056 de-

235 2086 516 2146 tentionem,
541 2085 741 2148 longum
763 2083 823 2131 de
843 2100 961 2149 pace
981 2084 1220 2132 silentium
1242 2084 1501 2147 duravisse,
1523 2097 1570 2134 et
1593 2088 1655 2136 ad

235 2178 370 2213 arma
406 2172 454 2209 et
484 2161 674 2209 hostilia
712 2160 1052 2226 adparamenta
1084 2161 1290 2208 reditum
1321 2162 1562 2210 exstitisse.
1596 2164 1655 2210 Hi

236 2240 365 2288 enim
388 2240 470 2305 qui
490 2238 668 2286 obsessi
687 2249 839 2300 erant,
861 2239 1001 2286 loca
990 2255 1038 2285 ln
1056 2236 1230 2303 quibus
1248 2239 1373 2286 muri
1389 2239 1534 2287 diruti
1553 2240 1654 2288 sue-

239 2327 361 2379 rant,
387 2316 635 2381 aggeribus
652 2326 699 2364 et
721 2317 955 2382 repagulis
979 2316 1174 2380 aliisque
1195 2316 1546 2381 impedimentis
1566 2317 1656 2366 far-

240 2394 468 2443 ciebant⁸.
501 2395 596 2454 Qui
627 2411 742 2442 vero
765 2395 885 2442 foris
919 2394 1202 2459 adjacebant
1229 2411 1255 2441 e
1289 2395 1476 2443 diverso
1506 2412 1656 2443 novas

242 2481 418 2519 struere
445 2472 691 2520 machinas
721 2482 768 2519 et
798 2471 988 2520 balistas
1021 2488 1206 2538 parare,
1235 2471 1407 2536 quibus
1434 2483 1587 2521 turres
1608 2483 1654 2520 et

234 2549 418 2597 'moenia
439 2548 597 2597 denuo
620 2559 943 2617 quaterentur.

299 2655 338 2695 Ι.
367 2653 502 2695 uttan.
516 2657 659 2705 aliquot
673 2657 770 2695 dies.

299 2719 340 2757 2.
367 2718 429 2756 Sic
445 2716 670 2764 Μιῑὼειιες
687 2716 1057 2769 burgimagistmrum
1078 2717 1175 2758 dans
1193 2717 1230 2757 le
1247 2731 1319 2761 ms.

303 2781 341 2819 3.
370 2781 432 2820 Sic
449 2791 520 2819 ms.
543 2787 582 2820 et
596 2776 809 2820 Hatthaeus.
830 2780 1027 2823 peut-etro
1041 2780 1267 2822 sarciebant.
