2060 3392
458 226 506 293 ld:
821 255 1164 293 HISTORIARUM
1192 255 1430 293 LUDOVICI
1455 256 1514 293 xl

458 346 604 393 mavit
633 347 903 395 consultum
936 344 1118 404 subire;
1158 344 1242 392 sed
1277 344 1402 392 intra
1439 344 1617 410 oppida
1658 348 1868 415 munita,

456 423 665 472 confinia
691 423 902 471 hostium
932 422 1067 470 terris
1083 459 1096 483 ,
1133 437 1234 470 sese
1258 422 1569 486 militiamque
1597 440 1732 473 suam
1753 441 1872 474 con-

454 501 610 548 tinuit.

521 581 641 626 Cum
663 593 776 625 vero
807 575 1083 640 aliquandiu
1109 576 1298 624 Austriae
1326 576 1423 624 dux
1454 593 1566 626 cum
1592 578 1690 628 suis
1722 579 1872 646 copiis

455 656 504 701 in
530 655 691 702 castris
719 663 1031 718 exspectasset
1058 653 1096 700 si
1129 669 1210 701 rex
1240 654 1430 719 copiam
1457 654 1570 718 justi
1601 657 1872 705 certaminis

455 733 606 780 facere
626 733 780 792 vellet,
792 740 851 778 et
872 731 934 779 ad
949 730 1300 779 conserendum
1320 732 1542 796 proelium
1560 732 1866 797 descendere,

454 826 611 875 neque
631 810 681 857 id
701 810 935 857 facturum
959 825 1009 857 se
1030 809 1149 858 velle
1174 809 1408 857 ullatenus
1438 810 1691 869 indicaret,
1723 812 1870 866 inter-

452 886 772 935 mediantibus
802 887 1044 935 nonnullis
1072 903 1130 935 ex
1164 896 1363 952 utraque
1388 888 1597 952 partium
1627 888 1871 938 nobilibus

452 975 499 1012 et
534 964 676 1013 bonis
709 965 820 1013 viris
835 1002 847 1024 ,
875 981 1032 1013 sermo
1061 964 1121 1013 de
1154 965 1373 1014 ineundis
1400 976 1542 1032 atque
1576 968 1870 1032 paciscendis

451 1042 625 1105 treugis
655 1041 864 1091 habitus.
891 1044 949 1089 Et
969 1058 1080 1089 cum
1103 1042 1227 1090 ultro
1250 1044 1491 1108 citroque,
1523 1061 1582 1092 eo
1610 1045 1743 1108 quod
1771 1047 1870 1110 agri

452 1119 694 1183 utriusque
727 1119 891 1167 limitis
917 1119 1082 1167 inculti
1108 1119 1388 1186 colonisque
1421 1120 1594 1170 deserti
1615 1122 1865 1186 jacebant,

450 1208 728 1261 urgerentur
758 1198 1033 1246 victualium
1071 1207 1214 1262 atque
1237 1215 1441 1247 annonae
1463 1200 1688 1264 penuria,
1714 1200 1776 1248 ad
1800 1201 1868 1250 fa-

450 1274 643 1322 ciendas
672 1285 859 1339 treugas
892 1275 1087 1323 annales
1114 1274 1370 1323 deventum
1401 1285 1497 1337 est,
1531 1293 1642 1324 cum
1678 1277 1868 1327 licentia

449 1352 851 1399 commerciorum
876 1361 999 1399 terra
1028 1352 1244 1416 marique
1266 1352 1439 1414 libere,
1463 1352 1556 1402 hac
1577 1363 1720 1418 atque
1738 1355 1863 1417 illac,

448 1427 718 1476 fiendorum
739 1438 882 1494 atque
905 1428 1295 1477 exercendorum.

511 1506 627 1565 Quae
648 1496 829 1571 treuga,
847 1523 957 1554 cum
982 1498 1172 1572 praeter¹
1191 1511 1225 1555 F
1227 1509 1548 1573 lamingorum
1568 1509 1866 1575 aliorumque

446 1582 587 1630 ducis
613 1583 916 1632 subditorum
946 1601 1233 1633 consensum
1267 1585 1389 1633 facta
1407 1596 1456 1634 et
1478 1585 1666 1635 firmata
1686 1586 1862 1648 fuisset,

445 1660 625 1709 eisdem
650 1662 788 1710 valde
809 1662 1051 1727 displicuit
1072 1673 1119 1710 et
1141 1663 1411 1711 inimicitias
1434 1680 1598 1727 graves
1618 1675 1667 1712 et
1682 1665 1866 1730 pericu-

444 1738 568 1786 losas
599 1738 825 1787 adversus
860 1756 943 1787 eos
961 1778 973 1801 ,
1015 1741 1096 1805 qui
1123 1757 1230 1788 eam
1265 1740 1496 1789 cuderant
1511 1780 1524 1803 ,
1566 1742 1710 1790 totius
1736 1737 1865 1807 vulgi

445 1816 673 1864 Flandriae
698 1818 1004 1882 aliarumque·
1018 1829 1251 1867 terrarum
1279 1818 1414 1867 ducis
1443 1819 1692 1882 accendit;
1723 1821 1788 1869 ita
1812 1831 1865 1870 ut

414 1900 417 1905 '
444 1894 534 1958 ipsi
563 1896 647 1960 qui
676 1896 868 1944 easdem
893 1906 1208 1944 tractaverant
1229 1907 1277 1943 et
1299 1892 1627 1960 confecerant,
1650 1907 1863 1963 postmo-

445 1971 590 2028 dum,
620 1989 719 2020 non
743 1973 830 2021 abs
859 1991 934 2034 re,
968 1975 1093 2022 intra
1127 1974 1386 2037 insigniora
1408 1974 1596 2022 illarum
1630 1985 1862 2024 terrarum

445 2049 623 2113 oppida
648 2067 698 2097 se
731 2051 944 2098 invenire
971 2050 1304 2118 formidarunt.
1341 2052 1579 2117 Praecipue
1607 2068 1722 2099 vero
1749 2053 1863 2118 ipsis

443 2125 723 2191 displicebat
754 2127 888 2191 quod
915 2127 1235 2177 Tornacenses
1267 2129 1482 2193 ejusdem
1514 2140 1686 2193 treugae
1719 2130 1863 2178 bene-

445 2202 554 2250 ficio
586 2205 870 2268 potirentur,
907 2221 967 2253 eo
999 2206 1131 2270 quod
1166 2206 1338 2254 milites
1379 2210 1698 2269 Francorum,
1740 2224 1862 2272 quos

443 2280 562 2328 inibi
599 2297 679 2328 rex
710 2283 953 2347 superiore
977 2299 1108 2331 anno
1143 2299 1232 2348 pro
1272 2283 1491 2348 praesidio
1525 2285 1729 2346 locarat,
1765 2286 1860 2332 suis

442 2357 795 2406 incursionibus
843 2360 980 2407 terris
1015 2360 1183 2407 vicinis
1230 2359 1458 2407 Flandriae
1500 2370 1548 2410 et
1596 2362 1860 2409 Hannoniae

443 2445 584 2499 atque
614 2436 958 2498 Insulensibus,
994 2437 1227 2485 incendiis
1264 2447 1311 2485 et
1342 2438 1512 2503 praedis
1543 2437 1720 2487 damna
1754 2439 1880 2519 Plu'.

442 2513 561 2560 rima
582 2513 864 2561 intulissent.
888 2514 1025 2563 Unde
1050 2515 1186 2562 initio
1208 2524 1479 2579 treugarum
1496 2552 1509 2577 ‚
1534 2532 1638 2579 quae
1658 2516 1859 2564 inchoa·

441 2588 559 2637 bant
605 2589 683 2636 die
730 2607 777 2637 XI
819 2591 994 2639 mensis
1032 2591 1165 2655 julii,
1213 2608 1341 2640 anno
1387 2609 1717 2641 mccccnxxvm
1739 2597 1770 2656 ¹,
1807 2595 1855 2642 in

496 2703 513 2738 1
525 2730 534 2739 .
558 2705 718 2752 Propter
733 2703 828 2741 dans
846 2702 883 2741 le
902 2717 974 2742 ms.

498 2767 536 2801 2.
567 2764 762 2812 L’auteur‚
791 2765 886 2804 dans
904 2775 986 2805 tout
1013 2779 1057 2804 ce
1083 2779 1261 2818 passage,
1285 2767 1453 2806 confond
1473 2766 1575 2806 deux
1594 2769 1736 2808 trevae.
1755 2768 1858 2808 Celle
