2060 3392
412 305 488 342 332
984 305 1236 344 APOLOGIA
1247 332 1257 350 ,

411 393 601 454 vatoris‚
625 393 707 457 qui
735 395 799 441 ait
820 392 1028 457 (Matth.,
1052 393 1113 456 X)
1139 411 1149 439 :
1176 412 1196 438 α
1224 394 1271 440 Si
1290 409 1377 440 vos
1397 394 1630 458 persecuti
1659 393 1832 443 fuerint

411 471 459 517 in
485 485 583 517 una
602 471 807 529 civitate,
835 470 977 533 sugite
999 470 1049 517 in
1072 470 1230 517 aliam.
1256 489 1277 512 >³
1295 470 1343 516 Si
1362 470 1491 516 enim
1509 469 1832 518 universaliter

410 557 696 612 potestatum
726 548 969 612 praeceptis
1000 557 1047 595 et
1084 547 1265 613 absque
1293 548 1392 595 ullo
1426 547 1615 595 delectu
1647 565 1832 615 semper

410 625 733 673 obediendum
758 635 894 687 esset,
924 642 1174 692 nunquam
1197 627 1331 675 locus
1352 626 1544 674 daretur
1573 628 1623 674 in
1645 644 1742 692 quo
1763 639 1833 677 ta-

410 703 528 750 lium
554 694 939 768 persequentium
963 713 1045 750 aut
1065 705 1286 769 persequi
1315 705 1583 752 curantium
1607 706 1831 754 saevitiam

410 788 552 841 atque
573 778 875 842 tyrannidem
899 777 1137 826 declinare
1161 778 1338 840 liceret,
1365 789 1414 827 et
1437 780 1504 827 sic
1526 780 1726 827 omnino
1747 796 1830 828 va·

410 871 555 902 cuum
593 866 734 920 atque
760 857 903 905 inane
940 856 1217 904 redderetur
1243 868 1533 923 praeceptum
1560 859 1709 906 nostri
1741 860 1831 906 Re-

411 933 687 998 demptoris‚
713 933 845 998 quod
868 950 967 981 non
990 934 1138 982 modo
1161 934 1328 996 verbo,
1356 935 1438 982 sed
1465 952 1608 1000 opere
1636 946 1683 983 et
1706 936 1831 983 facto

410 1010 509 1074 ipse
525 1010 797 1075 praedicavit
817 1020 864 1057 et
882 1009 1062 1058 docuit.
1090 1014 1226 1070 Nam,
1246 1021 1300 1058 ut
1318 1027 1505 1059 sacrum
1525 1012 1832 1076 Evangelium

412 1087 573 1147 refert,
611 1089 710 1152 ipse
743 1088 793 1136 in
829 1088 1009 1135 somnis
1035 1104 1121 1153 per
1158 1089 1380 1151 angelum
1409 1089 1585 1154 Joseph
1610 1092 1833 1156 praecepit

409 1164 572 1212 dicens
595 1183 607 1212 ε
639 1185 662 1210 «
687 1167 835 1228 Surge
858 1176 903 1212 et
933 1167 1094 1231 accipe
1117 1182 1320 1231 puerum
1341 1176 1388 1213 et
1416 1177 1619 1214 matrem
1640 1168 1759 1231 ejus,
1785 1178 1832 1216 et

413 1243 517 1306 fuge
540 1243 589 1290 in
613 1247 893 1308 AEgyptum‚
920 1253 1118 1307 estoque
1146 1243 1215 1291 ibi
1246 1244 1401 1291 donec
1429 1243 1588 1292 dicam
1617 1244 1720 1292 tibi.
1750 1248 1836 1292 Fu-

410 1331 570 1368 turum
593 1331 661 1368 est
676 1322 805 1368 enim
822 1329 874 1368 ut
895 1322 1108 1369 Herodes
1131 1332 1309 1386 quaerat
1327 1338 1530 1387 puerum
1551 1323 1613 1371 ad
1634 1323 1834 1388 perden-

410 1400 543 1446 dum.
574 1419 596 1444 υ
633 1399 771 1446 Unde
792 1399 905 1447 dicti
927 1401 1117 1464 tyranni
1142 1401 1365 1447 saevitiam
1387 1416 1477 1465 pro
1505 1402 1654 1448 nostri
1677 1402 1834 1449 erudi-

410 1478 540 1523 tione
559 1475 791 1536 devitanS‚
821 1477 914 1523 illic
936 1478 1110 1525 mansit
1131 1493 1282 1542 usque
1303 1478 1366 1526 ad
1392 1477 1580 1525 obitum
1600 1479 1827 1543 ejusdem.

473 1554 721 1618 Apostolus
743 1554 886 1601 etiam
912 1555 1082 1602 Paulus
1099 1565 1456 1619 persecutorum
1475 1555 1720 1603 declinans
1742 1556 1833 1605 im-

410 1631 622 1695 pietates,
647 1648 733 1696 per
753 1631 914 1695 sugam
931 1632 1021 1680 sibi
1030 1633 1274 1698 sapienter
1287 1633 1544 1695 consuluit,
1565 1650 1677 1680 cum
1696 1634 1834 1681 sciret

410 1709 714 1772 praepositum
742 1710 962 1756 Damasci
992 1709 1054 1757 ad
1081 1725 1247 1775 poenas
1279 1710 1604 1775 suppliciaque
1631 1727 1680 1757 se
1702 1727 1834 1757 com-

410 1786 707 1849 prehendere
741 1787 879 1835 velle.
922 1790 1085 1835 Petrus
1124 1789 1266 1835 etiam
1302 1789 1565 1854 apostOIUS‚
1603 1805 1715 1837 cum
1747 1806 1834 1854 per

411 1863 648 1910 Herodem
676 1865 728 1914 in
761 1881 999 1912 carcerem
1036 1866 1334 1931 lerosolymis
1362 1877 1517 1913 trusus
1544 1866 1704 1914 fuisset
1731 1867 1832 1932 (qui

411 1954 522 1984 eum
542 1938 732 1986 volebat
758 1932 820 1987 ad
844 1940 1075 2005 supplicia
1097 1940 1157 1989 de
1182 1957 1240 1988 eo
1263 1941 1494 1989 sumenda
1521 1951 1630 2008 post
1657 1942 1833 2006 pascha

411 2013 592 2077 populo
614 2014 744 2062 velut
759 2015 821 2063 ad
841 2016 1164 2079 spectaculum
1184 2016 1510 2063 exhibendum
1525 2015 1828 2081 producere),

411 2106 496 2153 per
524 2090 746 2153 angelum
778 2092 866 2139 Dei
898 2093 1108 2140 monitus
1138 2103 1279 2157 atque
1309 2093 1524 2157 adjutus,
1563 2110 1750 2140 carcere
1783 2110 1833 2140 se

411 2167 583 2231 eripuit
607 2178 655 2215 et
677 2168 855 2216 eduxit.
889 2172 1055 2217 Noster
1076 2170 1219 2217 etiam
1248 2170 1553 2235 Redemptor,
1579 2187 1691 2216 cum
1710 2186 1832 2217 non-

411 2241 528 2288 dum
565 2243 828 2292 advenisset
863 2254 1049 2309 tempus
1091 2255 1138 2292 et
1167 2245 1289 2292 hora
1321 2246 1370 2292 in
1405 2261 1527 2310 qua,
1569 2245 1832 2293 secundum

411 2330 639 2368 aeternum
654 2338 748 2368 suae
766 2321 1088 2386 dispositionis
1105 2323 1373 2384 consilium,
1397 2338 1486 2388 pro
1506 2322 1833 2387 redemptione

412 2407 573 2444 nostra
610 2409 814 2446 mortem
857 2399 990 2446 obire
1027 2410 1074 2447 et
1113 2401 1266 2448 crucis
1305 2400 1511 2464 perferre
1547 2400 1832 2464 supplicium

412 2475 689 2535 destinarat,
722 2476 979 2524 furentium
999 2477 1295 2537 Judaeorum,
1318 2486 1365 2523 et
1387 2493 1496 2523 eum
1520 2477 1596 2524 vel
1620 2478 1834 2542 praecipi-

413 2563 510 2600 tare
532 2553 592 2599 de
613 2554 788 2599 montis
802 2554 1071 2618 supercilio,
1095 2555 1171 2601 vel
1188 2553 1428 2618 lapidibus
1449 2565 1672 2619 oppetere
1690 2565 1832 2618 atque

413 2629 615 2677 obruere
651 2631 933 2687 volentium,
970 2647 1091 2695 saepe
1126 2631 1174 2678 in
1210 2632 1353 2679 sacris
1384 2632 1636 2695 evangeliis
1663 2633 1833 2696 legitur
1859 2655 1861 2657 ·

411 2708 762 2772 persecutiones
797 2708 1023 2757 devitasse
1058 2718 1199 2772 atque
1234 2709 1449 2772 effugisse
1463 2746 1475 2769 ‚
1501 2726 1590 2758 nos
1618 2710 1831 2775 profecto

413 2785 648 2832 instruens
670 2794 812 2850 atque
842 2786 1161 2851 praemuniens
1184 2795 1263 2847 ut,
1290 2803 1401 2834 cum
1423 2786 1564 2834 nobis
1591 2787 1706 2835 tales
1730 2804 1832 2851 per-
