2060 3392
479 304 557 341 294
1049 301 1303 338 APoLoeu
1317 329 1328 347 ‚

478 391 606 439 ditor
639 401 752 439 tunc
773 391 1127 439 confessionum
1159 398 1260 436 erat
1276 426 1288 450 ,
1325 387 1584 454 plurimum
1627 399 1897 455 opportuna

479 477 620 532 atque
656 468 922 517 necessaria
953 465 1217 513 videbatur.
1245 469 1368 514 Sane
1389 483 1501 514 cum
1533 483 1623 532 pro
1645 483 1702 516 ea
1721 483 1773 515 re
1795 459 1898 519 vice

480 558 658 607 nostra,
675 557 863 612 captata
875 545 1249 611 opportunitate,
1271 545 1601 610 compellasset
1615 559 1792 610 regem,
1810 544 1896 593 be-

479 626 680 688 nignum
702 624 812 671 satis
839 632 981 686 atque
1005 612 1274 670 humanum
1306 635 1590 687 responsum
1618 620 1893 688 reportavit.

479 693 762 769 Simpliciter
792 704 922 751 enim
949 701 1246 750 concedebat
1266 718 1347 748 rex
1382 703 1662 751 reversionis
1683 703 1734 750 in
1758 705 1900 751 Fran-

480 783 603 829 ciam
625 792 673 828 et
694 781 756 829 ad
787 782 970 829 curiam
993 797 1130 828 suam
1153 779 1294 827 nobis
1324 780 1592 831 facultatem
1609 816 1622 840 ‚
1654 781 1900 846 promitte-

478 859 655 923 batque
672 895 684 919 ,
716 876 827 906 cum
861 858 923 906 ad
957 875 1069 906 eum·
1098 858 1369 905 veniremus
1389 895 1401 919 ,
1440 859 1639 909 omnem
1677 859 1898 924 praeteriti

479 937 707 1002 temporis
731 936 1010 984 condonare
1042 936 1290 1000 injuriam,
1323 952 1532 1000 nosque,
1565 952 1651 984 sua
1677 935 1898 999 indigna·

479 1017 610 1063 tione
630 1024 869 1062 summota
885 1023 932 1061 et
949 1014 1127 1062 abolita
1143 1049 1156 1074 ,
1187 1014 1249 1062 ad
1270 1014 1468 1077 gratiam
1503 1029 1638 1061 suam
1667 1013 1894 1079 recipere.

480 1093 688 1157 lnjunxit
712 1093 904 1158 insuper
927 1092 1122 1158 praefato
1144 1092 1403 1140 confessori
1431 1108 1518 1139 suo
1550 1101 1783 1156 quatenus
1813 1092 1881 1139 hu

474 1170 688 1234 jusmodi
709 1184 845 1217 suam
866 1170 1228 1235 responsionem
1250 1169 1313 1217 ad
1338 1185 1427 1216 nos
1459 1161 1756 1224 confidenter
1786 1169 1899 1218 scri-

479 1247 615 1294 beret
647 1265 657 1293 z
687 1246 1096 1311 quemadmodum
1133 1257 1180 1293 et
1212 1247 1312 1311 ipse
1345 1245 1498 1293 facere
1537 1245 1734 1293 curavit.
1779 1248 1898 1293 Nam

482 1325 628 1371 trinas
645 1325 866 1389 epistolas
887 1325 1028 1373 variis
1046 1324 1231 1372 vicibus
1249 1323 1312 1373 ad
1334 1339 1424 1373 nos
1442 1322 1702 1370 transmisit
1724 1321 1785 1369 de
1808 1321 1901 1370 hac

483 1403 631 1465 gratia
663 1411 804 1466 atque
833 1401 981 1448 exsilii
1012 1402 1163 1448 nostri
1197 1400 1434 1447 solutione
1471 1416 1551 1446 seu
1583 1399 1896 1459 relaxatione,

483 1496 600 1544 quas
626 1478 755 1544 apud
777 1495 866 1526 nos
885 1479 1042 1525 adhuc
1071 1494 1330 1529 servamus.

549 1556 735 1615 Quibus
752 1557 977 1622 susceptis
997 1566 1043 1603 et
1057 1573 1143 1622 per
1159 1572 1237 1603 eas
1260 1555 1453 1620 cognito
1471 1554 1683 1620 benigno
1705 1564 1753 1602 et
1770 1553 1903 1614 mah-

483 1644 617 1699 sueto
646 1634 768 1698 regis
798 1650 1052 1702 responso,
1085 1633 1229 1697 gavisi
1262 1642 1310 1679 et
1341 1632 1587 1680 exhilarati
1619 1631 1757 1679 valde
1789 1632 1903 1680 inde

482 1713 671 1759 fuimus.
700 1714 809 1758 Erat
839 1712 971 1759 circa
992 1711 1162 1759 festum
1189 1709 1532 1777 purificationis
1552 1709 1701 1758 beatae
1722 1709 1903 1757 Mariae¹

483 1789 678 1855 quando
686 1787 1018 1852 hujuscemodi
1031 1797 1185 1852 gratas
1193 1786 1334 1834 nobis
1344 1797 1390 1834 et
1396 1787 1495 1853 perj
1501 1783 1714 1834 ucundas
1725 1786 1903 1839 litteras

482 1868 748 1933 recepimus
756 1904 766 1913 .
782 1869 840 1913 Et
850 1867 963 1931 quia
975 1862 1196 1915 nondum
1206 1865 1386 1912 calores
1396 1865 1582 1912 molesti
1593 1864 1668 1912 vel
1674 1863 1737 1912 ad
1751 1863 1904 1911 feren-

483 1945 599 1991 dum
620 1943 834 1992 difficiles
857 1953 971 1990 tunc
990 1952 1151 2003 erant,
1178 1941 1420 1991 studentes
1447 1941 1730 2008 ampliorem
1750 1957 1780 1988 a
1794 1956 1904 2014 rege

482 2022 680 2087 gratiam
712 2021 973 2087 promereri
1011 2021 1156 2107 paulo
1185 2020 1362 2068 diutius
1388 2019 1483 2067 illic
1507 2036 1595 2066 suo
1625 2019 1784 2067 adhuc
1811 2036 1905 2067 ser-

480 2100 596 2147 vitio
635 2098 915 2160 insistendo,
941 2097 1031 2145 sibi
1065 2098 1337 2167 scripsimus
1371 2097 1572 2162 qualiter
1610 2096 1769 2145 adhuc
1807 2084 1904 2143 illic

480 2194 630 2243 usque
671 2178 734 2225 ad
766 2177 1037 2243 proximum
1072 2175 1251 2223 Pascha
1285 2174 1532 2225 libenter
1520 2192 1570 2222 m
1599 2190 1686 2222 suo
1711 2173 1903 2222 servitio

481 2271 798 2314 moraremur,
833 2271 944 2305 cum
981 2263 1090 2301 ante
1125 2253 1296 2301 festum
1321 2251 1598 2317 hujusmodi
1635 2251 1745 2302 satis
1772 2261 1904 2317 puta-

481 2351 640 2380 remus
669 2350 757 2380 nos
780 2349 918 2399 posse
940 2331 1148 2396 perferre
1181 2331 1362 2378 calores
1385 2328 1545 2400 patriae
1576 2328 1755 2402 absque
1782 2329 1905 2398 peri-

479 2411 613 2469 culo;
639 2420 754 2457 tunc
772 2419 931 2458 autem
955 2408 1017 2455 ad
1035 2425 1170 2455 suam
1189 2407 1482 2472 majestatem
1498 2405 1757 2453 accedendi
1769 2405 1903 2473 juxta

481 2488 681 2552 gratiam
718 2503 747 2534 a
782 2503 830 2534 se
855 2485 995 2533 nobis
1018 2482 1252 2532 indultam
1280 2486 1385 2545 iter,
1422 2487 1525 2532 Deo
1558 2483 1762 2544 favente,
1789 2483 1904 2539 arri-

479 2581 722 2630 peremus,
748 2580 838 2629 pro
870 2579 966 2628 qua
999 2563 1214 2625 ingentes
1238 2561 1395 2609 eidem
1419 2561 1590 2624 gratias
1624 2560 1896 2624 agebamus.

480 2645 550 2689 lta
571 2641 700 2689 enim
729 2657 836 2688 eam
858 2640 1097 2706 appellare
1129 2655 1318 2686 necesse
1344 2648 1414 2686 est
1441 2639 1508 2686 eis
1537 2639 1620 2702 qui
1641 2639 1807 2686 talium
1828 2655 1902 2685 re-

535 2800 573 2836 1.
604 2800 658 2835 La
676 2797 728 2834 fin
750 2796 799 2834 de
815 2796 966 2844 janvier
985 2809 1036 2834 ou
1054 2795 1092 2835 le
1110 2803 1439 2838 commencement
1457 2794 1506 2838 de
1526 2794 1669 2837 fevrier
1686 2795 1805 2836 1458,
