2060 3392
669 348 816 385 mmm
842 348 1044 386 PRIMUS.
1486 351 1559 387 261

144 436 349 483 manniae
373 435 423 483 in
440 446 615 484 sortem
638 435 984 484 haereditariam
1007 435 1315 499 tradidisset',
1340 448 1387 485 et
1407 439 1566 503 pluri-

144 529 279 560 mum
298 511 502 561 adaucta
546 523 616 560 est
657 522 705 560 et
749 513 1077 561 vehementius
1124 515 1387 563 incanduit.
1441 517 1565 563 Cum

143 588 275 636 enim
305 589 678 653 Rothomagum,
711 590 855 639 totius
874 591 1131 655 provinciae
1152 592 1482 658 metropolim,
1519 604 1567 640 et

143 664 349 731 plurima
386 667 701 716 munitissima
732 668 894 733 patriae
927 669 1107 734 oppida
1122 707 1135 730 ,
1168 679 1216 717 et
1251 687 1356 734 quae
1391 671 1441 717 in
1480 687 1566 719 ora

143 743 380 791 maritima
412 753 462 791 et
490 759 597 808 quae
617 746 742 792 intra
762 754 909 792 terras
941 746 1230 808 consistunt,
1253 747 1399 794 veluti
1419 748 1565 813 Diep·

144 823 256 887 p'am
269 857 284 882 ,
308 823 606 871 Hareflutum
628 834 771 888 atque
795 824 1142 872 Honneflutum
1163 824 1293 872 idem
1317 826 1439 888 regis
1464 842 1567 888 ger-

143 892 314 948 manus
344 900 446 964 jaun
480 910 647 949 nactus
680 911 800 950 esset
838 910 981 966 atque
1015 901 1279 966 possideret
1294 939 1306 961 ‚
1341 912 1389 949 et
1419 903 1570 950 Brito-

143 991 260 1023 num
296 976 551 1039 exercitus,
591 977 654 1026 ad
698 977 995 1044 recipiendas
1033 988 1223 1027 caeteras
1265 979 1475 1026 civitates
1521 990 1569 1026 et

143 1052 323 1121 oppida
362 1055 689 1116 transmissus,
736 1056 1007 1102 universam
1042 1055 1339 1120 provinciam
1386 1056 1568 1120 perlus-

144 1126 313 1193 δἐι-εἰ,
357 1147 472 1180 cum
492 1131 556 1180 ab
589 1133 657 1180 eis
693 1133 857 1180 civitas
881 1148 987 1181 mea
1020 1132 1193 1180 vallata
1211 1132 1356 1191 foret,
1387 1133 1438 1179 in
1470 1148 1569 1196 qua

142 1203 244 1274 sto·
253 1225 365 1274 rege
386 1209 519 1257 nulla
545 1219 661 1257 tunc
689 1220 826 1257 erant
850 1210 1055 1257 militum
1084 1209 1303 1275 praesidia
1331 1225 1361 1256 a
1393 1209 1568 1274 quibus

145 1295 314 1334 contra
347 1287 447 1333 vim
484 1285 807 1335 obsidentium
843 1286 1036 1335 defendi
1071 1287 1313 1346 valuisset,
1352 1297 1569 1352 essetque

139 1363 243 1427 jam
271 1362 452 1428 ubique
476 1362 777 1412 diffamatum
798 1375 847 1413 et
870 1365 1116 1412 notorium
1153 1363 1288 1428 quod
1313 1381 1395 1412 rex
1420 1364 1567 1412 duca—

144 1449 248 1487 tum
274 1440 431 1506 ipsum
460 1440 616 1489 eidem
652 1459 740 1489 suo
777 1442 908 1490 fratri
943 1443 1088 1489 unico
1121 1441 1410 1505 reliquisset,
1454 1458 1568 1489 cum

143 1518 460 1584 plurimorum
498 1519 702 1567 militum
748 1530 796 1568 et
836 1519 1074 1567 nobilium
1119 1519 1279 1585 patriae
1293 1555 1308 1579 ,
1347 1519 1431 1584 qui
1471 1519 1568 1566 illic

143 1596 343 1646 aderant
369 1607 418 1646 et
443 1597 507 1647 ad
538 1599 776 1648 civitatem
813 1601 966 1664 ipsam
990 1609 1038 1647 et
1064 1598 1129 1646 ad
1157 1614 1237 1645 me
1259 1597 1321 1645 de
1350 1597 1568 1662 pluribus

144 1673 263 1723 locis
295 1675 632 1740 confugerant,
674 1677 877 1725 consilio
908 1687 956 1725 et
985 1692 1180 1724 assensu
1211 1675 1426 1739 ejusdem
1458 1677 1570 1723 civi-

144 1751 252 1799 tatis
293 1751 589 1801 deditionem
628 1755 818 1801 noviter
861 1753 1133 1802 advenienti
1166 1752 1308 1800 nobis
1348 1752 1459 1799 duci
1500 1753 1569 1800 sa-

146 1829 367 1878 ciendam
392 1830 632 1879 duximus.
666 1834 857 1881 Certum
888 1833 1019 1879 enim
1044 1830 1187 1878 nobis
1214 1830 1437 1878 effectum
1468 1841 1570 1878 erat

145 1905 220 1952 vel
265 1907 453 1971 penitus
499 1906 823 1955 indubitatum
868 1906 1120 1956 tenebatur
1175 1907 1568 1971 verissimumque

145 1993 260 2030 erat-
289 1999 472 2047 regem,
511 1993 572 2031 ut
611 1984 841 2047 diximus,
886 1986 1117 2034 ducatum
1151 1986 1251 2049 jam
1298 1985 1429 2032 fratri
1480 2002 1568 2033 suo

147 2060 406 2109 tradidisse.
457 2064 580 2110 Nam
621 2072 669 2111 et
713 2065 987 2128 capitaneus
1026 2073 1197 2111 nostrae
1231 2062 1431 2109 civitatis
1473 2063 1569 2110 hoc

60 2181 66 2185 Α
146 2138 287 2186 nobis
307 2140 572 2205 scripserat,
591 2142 692 2205 qui,
708 2142 772 2190 ad
788 2152 996 2206 quatuor
1014 2152 1097 2189 aut
1118 2142 1332 2206 quinque
1351 2141 1569 2188 milliaria

145 2228 295 2278 prope
331 2215 583 2262 transitum
623 2216 821 2276 faciens,
863 2216 1091 2263 Falesiam
1123 2215 1183 2262 de
1214 2215 1419 2262 Pal-isius
1454 2231 1568 2279 pro-

146 2290 358 2354 perabat.
403 2291 553 2356 quue
601 2294 742 2340 etiam
779 2309 905 2340 unus
950 2309 1208 2356 generosus
1255 2292 1389 2339 miles
1405 2329 1417 2353 ,
1482 2291 1571 2338 do-

146 2367 303 2415 minus
339 2369 620 2417 Guiflelmus
672 2370 733 2417 de
782 2370 1152 2417 Trousseauville
1171 2372 1202 2431 ²,
1248 2369 1461 2416 similiter
1508 2369 1569 2415 de

148 2443 350 2492 Parisius
392 2447 612 2507 veniens,
661 2447 925 2506 asserebat,
967 2446 1209 2495 affirmans
1247 2463 1359 2493 cum
1414 2462 1570 2493 sacra-

202 2591 242 2630 1.
272 2589 438 2630 Octobre
456 2595 576 2632 ¹465.

203 2655 243 2693 2.
264 2653 490 2692 -Guillaume
528 2655 577 2694 de
612 2658 919 2697 Trousseauville
933 2688 944 2705 ,
981 2659 1162 2711 seigneur
1201 2659 1250 2697 de
1287 2659 1570 2711 Garguesalles.

150 2714 311 2766 D’apres
339 2714 440 2754 deux
463 2716 614 2756 cedules
639 2718 687 2757 de
709 2719 785 2765 lui,
813 2720 880 2771 qui
898 2728 984 2759 sont
1007 2734 1057 2759 au
1078 2720 1238 2759 Cabinet
1259 2721 1325 2758 des
1344 2721 1449 2758 titres
1468 2720 1516 2757 de
1536 2720 1572 2757 la

149 2775 249 2816 Bibl.
272 2777 387 2829 imp„
407 2778 434 2816 il
457 2780 714 2819 commandait
743 2795 790 2819 en
816 2784 920 2821 1468
946 2791 984 2820 et
1005 2785 1108 2821 1469
1132 2784 1189 2821 les
1217 2796 1310 2834 gens
1338 2783 1387 2820 de
1409 2782 1498 2819 trait
1525 2781 1573 2818 de

149 2840 420 2878 Perdere-ban
440 2842 737 2889 conjointemenr
757 2857 851 2881 avec
870 2858 923 2882 un
942 2845 1209 2883 detachement
1232 2846 1280 2882 de
1298 2845 1406 2893 vingt
1427 2844 1567 2881 inlices,
