2060 3392
502 264 551 299 92
865 265 1206 305 HISTORIARUM
1232 266 1468 304 LUDOVICI
1495 268 1550 304 XI

500 361 575 398 tus
597 351 801 400 militum
820 352 1062 418 praesidio,
1088 353 1420 415 accessit„illic
1441 354 1631 404 duobus
1652 368 1733 405 aut
1759 358 1910 409 tribus

499 439 784 495 pernoctans
810 428 995 491 diebus,
1028 430 1066 476 si
1089 429 1208 477 forte
1230 429 1295 478 ob
1318 433 1629 481 reverentiam
1657 438 1910 499 praesentiae

498 524 591 553 suae
614 506 834 565 rebelles,
858 506 1052 553 meliore
1084 517 1285 573 accepto
1303 509 1502 557 consilio
1515 547 1527 570 ,
1565 512 1904 578 resipiscerent.

497 584 590 630 Sed
609 600 665 631 ea
682 600 754 631 res
779 600 877 630 non
896 584 1043 631 modo
1056 584 1303 633 rebellium
1320 587 1504 635 animos
1518 587 1636 636 nihil
1655 590 1904 652 emollivit,

497 678 661 709 verum
679 662 853 726 potius,
876 661 1009 726 quod
1030 673 1187 710 mente
1207 676 1525 730 conceperant
1543 665 1726 729 odium,
1745 667 1909 717 adver-

495 756 573 786 sus
594 752 705 786 eum
721 738 1010 787 manifestius
1032 756 1132 788 esse
1148 742 1307 807 coepit.
1330 742 1531 791 Exibant
1548 745 1678 791 enim
1694 745 1906 810 quotidie

496 830 610 861 cum*
636 815 841 863 rutheris
873 816 997 864 cives
1021 815 1220 865 rebelles
1240 819 1302 866 ad
1323 820 1695 884 expugnandum
1717 837 1828 868 eum
1860 832 1908 870 et

495 908 630 954 suos,
670 892 709 939 si
739 909 837 957 quo
866 893 1057 956 ingenio
1086 910 1112 941 e
1133 897 1446 956 monasteriis,
1466 897 1516 944 in
1540 896 1715 962 quibus
1731 899 1919 947 consis·

492 968 656 1017 tebant
675 970 776 1034 ipse
796 980 842 1018 et
862 971 935 1017 sui
951 1007 965 1032 ,
990 971 1040 1018 in
1077 981 1291 1037 patentes
1327 990 1522 1040 campos
1563 991 1646 1022 eos
1682 974 1904 1038 educere,

490 1045 564 1093 vel
586 1046 635 1093 in
655 1047 879 1094 stationes
901 1064 1008 1096 suas
1028 1049 1076 1096 vi
1111 1049 1186 1096 vel
1216 1059 1320 1098 astu
1341 1050 1601 1116 irrumpere
1620 1051 1899 1117 potuissent.

489 1125 606 1181 Quae
626 1124 928 1190 perpendens
961 1126 1089 1174 idem
1109 1127 1338 1192 pontifex,
1367 1129 1449 1193 qui
1480 1129 1742 1176 arthreticis
1761 1129 1904 1177 etiam

487 1201 788 1266 passionibus
831 1204 1000 1251 acriter
1033 1204 1310 1266 vexabatur,
1352 1215 1399 1252 et
1438 1205 1571 1269 quod
1588 1205 1904 1270 .in.majore1n

487 1280 712 1328 saevitiam
751 1291 893 1344 atque
931 1281 1041 1330 odia
1055 1319 1067 1343 ,
1104 1282 1233 1330 unde
1262 1299 1344 1331 eos
1378 1283 1592 1347 mitigare
1625 1292 1872 1348 putaverat
1886 1321 1899 1345 ‚

487 1366 654 1404 contra
684 1374 734 1405 se
773 1358 1151 1421 inardescebant,
1177 1360 1340 1407 relicto
1375 1359 1504 1408 dicto
1538 1360 1814 1422 conamine,
1840 1360 1901 1408 ad

487 1444 692 1483 castrum
705 1435 764 1482 de
790 1441 860 1483 W
845 1437 947 1500 yck
969 1437 1195 1502 repedare
1214 1438 1410 1487 curavit.

940 1630 1278 1678 CAPITULUM
1317 1632 1461 1678 XXV.

483 1763 535 1796 De
558 1761 756 1809 direptione
777 1762 903 1810 oppidi
927 1763 1085 1798 Naerden
1113 1777 1135 1799 a
1156 1763 1308 1799 rutheris
1329 1763 1633 1811 Trajectensibus;
1662 1771 1698 1798 et
1715 1739 1900 1810 quomodo

530 1817 757 1853 Hollandrini
772 1818 870 1867 apud
883 1820 1011 1854 turrim
1029 1819 1073 1855 de
1089 1823 1218 1864 Waert,
1235 1833 1342 1867 quam
1358 1819 1583 1865 obsidebant,
1599 1819 1708 1867 fugan'
1723 1821 1866 1855 fuerunt
1879 1833 1899 1855 a

529 1874 828 1921 Trajectensibus;
855 1883 889 1910 et
912 1875 1095 1922 quomodo
1120 1875 1187 1923 ipsi
1210 1877 1450 1923 Trajectenses
1473 1883 1652 1911 tentarunt
1681 1875 1900 1911 reconciliari

529 1930 613 1966 duci
631 1931 793 1977 Ausa-ite,
811 1933 946 1967 secluso
959 1944 1023 1967 suo
1042 1932 1210 1980 pontifice
1226 1934 1252 1969 ⁸.

546 2050 614 2095 Ea
638 2057 916 2113 tempestate
953 2058 1001 2095 et
1029 2047 1220 2095 turbine
1258 2050 1516 2096 vastatore’
1540 2047 1782 2107 saeviente,
1818 2063 1898 2093 ru-

485 2124 607 2171 theri
631 2125 713 2188 qui
743 2125 939 2189 Trajecti
967 2126 1187 2173 collocati
1209 2135 1345 2173 erant
1361 2163 1373 2186 ‚
1399 2142 1510 2172 cum
1526 2124 1686 2171 multis
1705 2139 1764 2171 ex
1784 2123 1898 2170 civi-

487 2201 594 2262 bus,
614 2219 696 2267 per
713 2202 907 2251 insidias
929 2203 1055 2251 cives
1082 2203 1300 2268 oppiduli
1321 2203 1382 2250 de
1402 2201 1596 2250 Naerdis
1610 2201 1891 2263 Hollanfflae,

487 2279 605 2327 nihil
624 2279 795 2327 hostile
820 2280 881 2328 de
903 2280 1274 2344 Trajectensibus
1308 2280 1614 2344 suspicantes,
1654 2277 1738 2326 sed
1768 2294 1897 2326 com-

486 2357 774 2405 merciorum
792 2367 839 2404 et
858 2367 1150 2404 commeatus
1172 2356 1657 2411 communicationem
1677 2372 1787 2402 cum
1812 2355 1897 2403 eis-

486 2434 598 2482 dem
630 2443 846 2481 mutuam
888 2433 1135 2493 habentes,
1182 2433 1428 2498 intercepti
1454 2433 1600 2480 sunt³.
1645 2435 1764 2479 Nam
1807 2431 1896 2479 sub

535 2571 572 2607 1.
603 2568 781 2620 Chapitre
805 2568 982 2620 imprime
1017 2568 1112 2607 dans
1136 2568 1190 2606 les
1218 2570 1404 2606 Analecta
1427 2567 1475 2605 de
1502 2567 1700 2605 Matthaeus
1729 2575 1766 2604 et
1800 2566 1894 2604 dans

479 2631 752 2682 l'Amplisse'ma
773 2634 952 2670 collectio,

533 2697 571 2732 2.
602 2694 823 2741 Matthaeus,
843 2703 881 2731 et
898 2695 1100 2732 vastatione
1119 2698 1304 2733 sementis.

534 2759 571 2795 23.
604 2759 654 2794 10
673 2756 876 2795 decembre
895 2759 1012 2796 1481.
1035 2757 1065 2795 ll
1088 2756 1250 2795 faudrait
1269 2760 1556 2806 interceperunt.
