2060 3392
429 297 504 334 390
997 296 1247 334 APOLOGIA
1260 323 1271 342 ‚

427 382 690 431 anchoram
718 382 767 429 in
793 380 1018 429 omnibus
1045 381 1187 446 hujus
1207 382 1363 430 saeculi
1394 381 1616 430 fluctibus
1642 397 1700 430 ac
1728 397 1836 448 pro-

423 460 607 508 cellosis
627 458 984 524 tempestatibus
999 460 1170 507 retinet
1189 459 1377 507 firmam
1396 469 1540 524 atque
1550 469 1719 521 tutam,
1731 476 1844 509 con-

425 535 626 584 fidenter
649 545 790 599 atque
820 535 1080 599 gaudenter
1106 552 1219 583 cum
1247 536 1391 584 beato
1414 537 1642 602 Apostolo
1680 537 1807 586 dicat
1827 555 1838 584 x

428 634 451 659 «
479 614 646 661 Placeo
666 613 854 660 mihi-in
876 612 1244 675 infirmitatibus,
1270 614 1321 660 in
1349 613 1665 675 contumeliis,
1687 613 1738 662 in
1762 630 1843 662 ne-

425 690 734 749 cessitatibus,
772 690 821 736 in
846 690 1072 753 angustiis
1101 707 1191 755 pro
1227 690 1431 738 Christo.
1459 693 1582 738 Cum
1611 691 1740 738 enim
1770 691 1842 738 in-

426 769 609 829 firmor,
639 777 754 815 tunc
787 777 958 833 potens
991 784 1124 827 sum,
1163 768 1276 832 quia
1311 769 1459 815 virtus
1487 769 1536 816 in
1570 768 1843 817 infirmitate

425 845 681 911 perficitur.
714 865 737 889 »
770 845 865 903 Qui
885 855 933 892 et
957 846 1128 892 iterum
1157 845 1271 893 alibi
1303 862 1403 892 sese
1431 855 1478 892 et
1509 846 1644 907 alios,
1669 845 1844 912 quibus

424 923 599 970 similes
618 922 907 988 praevidebat
930 939 1172 988 pressuras
1208 939 1264 982 ac
1296 923 1625 972 tribulationes
1653 913 1844 972 eventu·

425 1017 517 1061 raS‚
554 1001 730 1065 pariter
764 1000 1040 1048 confortans
1075 1009 1122 1047 et
1155 1001 1204 1047 in
1239 1017 1372 1066 spem
1407 1000 1590 1049 bonam
1619 1002 1801 1067 erigens
1826 1021 1838 1050 :

429 1098 452 1120 α
488 1080 543 1124 ln
577 1077 802 1125 omnibus
838 1098 860 1121 »
897 1077 1053 1141 inquit
1092 1097 1115 1120 «
1143 1076 1500 1125 tribulationem
1529 1079 1764 1144 patimur,
1795 1089 1844 1127 et

426 1171 527 1201 non
551 1154 899 1217 angustiamur3
919 1155 1195 1219 aporiamur
1209 1164 1256 1202 et
1272 1171 1371 1201 non
1390 1154 1714 1216 destituimur3
1736 1173 1844 1222 per-

425 1232 719 1279 secutionem
748 1231 973 1296 patimur,
1006 1231 1090 1279 sed
1121 1249 1221 1279 non
1253 1232 1652 1296 derelinquimur3
1689 1234 1844 1282 humi-

424 1308 614 1370 liamur,
655 1308 739 1356 sed
775 1325 876 1356 non
909 1308 1279 1367 confimdimur3
1318 1309 1585 1373 dejicimur,
1620 1311 1704 1360 sed
1741 1328 1842 1360 non

425 1385 635 1451 perimus
673 1403 683 1431 z
722 1402 909 1450 semper
947 1385 1364 1434 mortificationem
1397 1389 1514 1435 ‘Jesu
1553 1388 1604 1435 in
1640 1403 1843 1455 corpore
1912 1426 1913 1429 η

427 1472 591 1509 nostro
612 1462 1010 1525 circumferentes,
1031 1473 1086 1510 ut
1104 1473 1152 1511 et
1170 1464 1266 1512 vita
1283 1467 1389 1512 Jesu
1413 1465 1463 1512 in
1488 1459 1714 1514 cordibus
1735 1483 1843 1515 nos·

426 1539 511 1586 tris
533 1539 791 1604 aliquando
813 1540 1152 1587 manifestetur.
1177 1559 1199 1585 »
1221 1542 1308 1588 Cui
1320 1558 1432 1588 cum
1448 1545 1584 1590 Patre
1603 1553 1650 1591 et
1666 1544 1842 1609 Spiritu

427 1617 601 1663 Sancto
632 1625 702 1664 est
732 1616 893 1663 honor
923 1625 971 1663 et
1002 1616 1168 1680 gloria,
1204 1625 1412 1681 potestas
1432 1627 1479 1665 et
1507 1619 1840 1685 imperium'in

426 1694 594 1742 saecula
615 1693 911 1742 saeculorum.
939 1696 1106 1741 Amen.

883 1921 1225 1968 CAPITULUM
1267 1923 1371 1968 XII.

650 2050 694 2084 In
710 2060 784 2096 quo
798 2048 916 2085 brevis
931 2048 1093 2096 epilogus
1108 2056 1142 2083 et
1158 2048 1340 2101 conclusio
1355 2048 1464 2084 totius
1478 2048 1609 2096 operis.

488 2162 597 2207 Haec
639 2175 814 2224 pauca,
866 2159 1165 2208 dilectissime
1209 2159 1367 2221 stater,
1416 2176 1472 2206 ex
1517 2158 1839 2226 copiosissima

422 2238 762 2303 scripturarum
785 2254 949 2286 mensa
969 2237 1032 2286 ad
1056 2254 1260 2303 praesens
1280 2237 1563 2303 excerpsisse
1584 2236 1835 2300 suffecerit,

423 2333 484 2364 ne
520 2327 685 2364 nostro
713 2318 872 2364 minus
905 2316 1035 2364 culto
1069 2326 1116 2363 et
1154 2316 1372 2381 impolito
1405 2331 1624 2362 sermone
1658 2315 1838 2362 caritati

423 2403 585 2442 vestrae
608 2393 847 2441 fastidium
875 2404 1139 2458 generetur.
1168 2394 1262 2451 Qui
1295 2392 1477 2440 etiamsi
1509 2391 1681 2440 forsan
1697 2392 1838 2440 nimis

423 2473 471 2519 in
502 2472 700 2535 longum
733 2472 986 2534 effluxerit,
1022 2471 1126 2519 dari
1148 2472 1336 2519 veniam
1367 2471 1594 2536 petimus,
1620 2471 1703 2534 qui
1736 2488 1836 2519 non

423 2548 627 2596 docendi
654 2565 740 2595 vos
761 2549 936 2609 studio,
968 2557 1130 2596 nostra
1155 2548 1216 2596 ad
1241 2548 1337 2595 hoc
1358 2564 1449 2612 ope
1482 2548 1678 2596 minime
1706 2547 1837 2595 indi-

422 2637 610 2690 gentem
625 2665 636 2687 ,
671 2627 754 2674 sed
787 2626 1010 2691 praeclara
1041 2626 1308 2674 eruditione
1347 2636 1502 2674 vestra
1544 2627 1662 2674 alios
1694 2626 1835 2673 etiam

421 2705 596 2751 utiliter
631 2703 803 2751 docere
837 2715 978 2767 atque
1011 2704 1239 2752 instruere
1273 2710 1533 2770 potentem,
1568 2702 1838 2767 dispendio-

422 2798 526 2827 sum
559 2780 714 2828 forsan
739 2789 784 2827 et
810 2780 1048 2844 prolixum
1083 2780 1295 2828 libellum
1327 2780 1706 2844 conscripsimus.
1743 2779 1834 2825 Sed
