2060 3392
440 231 493 285 ’τε
809 247 1150 286 msromARuM
1178 245 1416 283 LUDOVICI
1446 247 1502 282 xi
1565 252 1578 259 “

439 334 796 383 Hoeckensium
826 332 1190 398 longe-validior
1218 342 1266 381 et
1297 331 1539 381 robustior
1569 333 1860 399 exsistebat),

440 413 681 480 oppressis
699 414 775 462 vel
799 412 1023 475 subactis,
1046 422 1094 460 et
1115 411 1327 460 exsulare
1344 411 1542 474 coactis,
1568 412 1651 476 qui
1668 412 1729 461 de
1746 429 1863 463 con-

439 492 582 540 traria
607 490 811 538 factione
833 491 1036 556 suspecti
1064 489 1370 539 haberentur.

506 569 583 631 Hi,
602 569 765 617 audita
788 568 1051 633 irruptione
1074 567 1196 616 facta
1216 584 1302 633 per
1322 567 1641 629 Hoeckenses,
1659 568 1730 617 uti
1750 567 1865 618 dixi·

440 664 571 707 mus,
598 647 648 694 in
675 645 856 711 oppido
875 645 1074 710 Leydis,
1106 662 1248 711 supra
1274 645 1474 694 modum
1501 644 1748 694 exhilarati
1774 660 1865 712 pro

439 742 534 773 suae
553 724 966 777 factionis-virium
980 724 1277 771 incremento
1298 723 1600 786 adversaeque
1615 724 1763 791 partis
1786 724 1866 774 de·

440 803 681 867 pressione
703 818 760 850 ac
782 801 1131 864 diminutione,
1159 811 1311 850 totam
1335 802 1386 848 in
1406 800 1542 849 brevi
1561 800 1866 851 Hollandiam

372 890 375 894 '
440 879 529 927 sub
552 879 786 927 ditionem
815 895 871 927 ac
900 889 1182 945 potestatem
1205 879 1413 945 partium
1436 895 1632 929 suarum
1653 879 1868 928 redactu-

440 974 520 1006 ros
553 975 601 1006 se
627 957 899 1024 sperabant.
933 958 1082 1022 Atqui
1103 958 1246 1021 longe
1273 975 1409 1007 secus
1439 974 1495 1006 ac
1517 960 1864 1023 speraver-mv,

440 1036 507 1082 eis
541 1051 567 1082 e
592 1035 787 1099 vestigio
815 1035 1066 1100 provenit:
1101 1035 1260 1082 utilius
1284 1035 1487 1100 quidem-
1510 1044 1652 1099 atque
1686 1035 1867 1085 felicius

441 1129 587 1176 quam
613 1112 704 1178 ipsi
738 1122 841 1159 tum
873 1111 1221 1160 existimabant.
1259 1115 1379 1160 Nam
1415 1111 1614 1177 quidam
1649 1122 1868 1160 strenuus

442 1190 600 1250 miles,
635 1189 861 1237 dominus
894 1189 954 1238 de
988 1189 1283 1253 Egmunda²‚
1322 1189 1531 1237 collectis
1553 1189 1676 1238 clam
1700 1200 1748 1238 et
1777 1189 1867 1237 sub

441 1267 628 1314 silentio
651 1266 869 1314 ducentis
897 1267 1082 1314 circiter
1115 1267 1229 1314 viris
1248 1267 1440 1315 armatis
1456 1304 1469 1328 ‚
1495 1283 1578 1315 eos
1607 1268 1657 1314 in
1681 1265 1868 1315 duabus

441 1354 524 1392 aut
562 1343 714 1391 tribus
749 1343 978 1392 navibus'
1011 1344 1273 1392 occultatos
1304 1354 1353 1392 et
1389 1345 1538 1393 tectos
1579 1360 1742 1392 secum
1782 1344 1867 1393 ad-
1892 1402 1895 1403 ⁷

443 1422 584 1485 vexit,
612 1422 942 1488 oppidumque
975 1423 1161 1488 irrupit.
1200 1422 1346 1481 Quod
1374 1439 1486 1470 cum
1517 1423 1675 1471 statim
1704 1424 1870 1471 sensis-

442 1510 547 1547 sent
578 1499 631 1547 hi
646 1538 659 1563 ,
695 1501 778 1565 qui
808 1500 1007 1548 studiosi
1033 1501 1242 1566 partium
1269 1499 1679 1557 Cabeliavensium
1701 1502 1715 1525 ⁶
1735 1511 1871 1549 erant

442 1577 535 1641 (de
556 1594 613 1626 ea
638 1595 689 1626 re
713 1579 1028 1626 verisimiliter
1054 1588 1164 1626 ante
1188 1579 1515 1646 praemoniti),
1548 1579 1781 1626 continuo
1803 1579 1871 1626 eis

443 1655 525 1719 qui
567 1656 883 1722 irruptionem
922 1657 1132 1705 fecerant
1170 1673 1269 1705 sese
1307 1658 1575 1719 sociarunt3
1625 1666 1776 1722 atque·
1805 1657 1872 1721 ita

443 1733 566 1794 illos,
596 1735 679 1800 qui
707 1734 902 1782 diversae
924 1734 1144 1783 factionis
1165 1745 1302 1784 erant
1324 1745 1370 1783 et
1397 1735 1757 1799 magistratuum
1785 1733 1872 1782 ho-

443 1828 585 1859 nores
623 1813 674 1860 in
711 1830 769 1860 eo
785 1814 799 1837 ⁶
830 1823 1068 1877 gesserant
1084 1851 1097 1875 ,
1131 1823 1274 1878 atque
1296 1830 1326 1862 a
1346 1813 1507 1862 multis
1535 1822 1662 1860 retro
1690 1821 1873 1878 tempo-

444 1888 575 1936 ribus
596 1891 726 1938 velut
746 1891 985 1956 principes
1007 1891 1153 1938 totius
1178 1891 1396 1939 factionis
1421 1890 1774 1941 Hoeckensium
1791 1905 1872 1937 ex-

444 1967 660 2015 stiterant
675 2006 688 2030 ‚
745 1968 833 2016 sub
885 1969 1191 2017 inimicorum
1249 1986 1447 2018 suorum
1490 1986 1690 2017 manum
1729 1978 1872 2034 atque

444 2055 726 2110 potestatem
766 2047 1068 2111 redegerunt.
1112 2049 1219 2110 Fuit
1246 2049 1298 2096 in
1341 2049 1421 2096 illa
1457 2048 1720 2114 irruptione
1754 2047 1872 2096 alter

445 2122 921 2188 burgimagistrorum
969 2126 1135 2192 oppidi
1177 2129 1368 2190 caesus⁶‚
1414 2128 1497 2191 qui
1542 2126 1714 2176 obvius
1759 2142 1872 2173 cum

501 2256 518 2291 1
531 2284 540 2293 .
571 2257 644 2292 Ms.
666 2264 895 2305 speraverat.

500 2318 539 2355 2.
570 2319 682 2364 Jezm,
703 2316 880 2369 seigneur
902 2314 1122 2370 d'Egmont‘.

503 2382 540 2418 3.
575 2395 594 2413 α
609 2379 717 2418 Trois
743 2380 959 2419 vaisseaulx
986 2380 1160 2433 chargies
1185 2381 1233 2420 de
1260 2391 1456 2421 tonneaux
1482 2382 1606 2434 plains
1633 2381 1682 2421 de
1709 2391 1810 2421 terre
1836 2391 1873 2421 et

448 2454 531 2480 sacs
548 2442 671 2494 plains
689 2442 737 2480 de
762 2443 863 2490 foin,
890 2445 912 2481 a
932 2443 1102 2484 muniere
1127 2444 1175 2483 de
1196 2444 1494 2484 marchandises.
1513 2444 1533 2480 ἰι
1562 2445 1738 2492 Molinet‚
1761 2455 1788 2484 t.
1810 2448 1870 2492 ΙΙ,

447 2504 510 2543 ch.
536 2518 666 2543 nxxn.

502 2570 540 2606 4.
573 2570 645 2606 Ms.
675 2567 1038 2616 Cabaliausensium
1065 2569 1200 2608 Matth.
1225 2569 1586 2609 Cabelleanentium.

503 2634 542 2671 5.
572 2634 635 2670 Sic
652 2645 723 2670 ms.
747 2640 784 2669 et
802 2632 938 2672 Matth.
964 2633 995 2670 Il
1016 2633 1095 2671 faut
1114 2634 1414 2672 sous-entendre
1433 2635 1582 2685 oppido.

503 2697 540 2732 6.
571 2696 726 2745 Reyner
752 2695 890 2734 Snoius
912 2695 1090 2747 l’appelle
1114 2699 1290 2746 AEgidius
1317 2699 1512 2735 Adrianus
1538 2696 1649 2745 (Gilis
1672 2695 1870 2749 Adriaen).

449 2755 533 2795 Lib.
558 2758 647 2795 XII.
1913 2768 1915 2771 .
